<?xml version="1.0" encoding="UTF-8"?>
<alto xmlns:xsi="http://www.w3.org/2001/XMLSchema-instance" xmlns="http://www.loc.gov/standards/alto/ns-v2#" xsi:schemaLocation="http://www.loc.gov/standards/alto/ns-v2# http://www.loc.gov/standards/alto/v2/alto-2-0.xsd" xmlns:xlink="http://www.w3.org/1999/xlink">
	<Description>
		<MeasurementUnit>pixel</MeasurementUnit>
		<sourceImageInformation>
			<fileName>../06_01/BDH_1919_12_06_00002.jp2</fileName>
		</sourceImageInformation>
		<OCRProcessing ID="OCRPROCESSING_1">
			<preProcessingStep>
				<processingSoftware>
					<softwareCreator>CCS Content Conversion Specialists GmbH, Germany</softwareCreator>
					<softwareName>CCS docWorks</softwareName>
					<softwareVersion>7.0-0.3</softwareVersion>
				</processingSoftware>
			</preProcessingStep>
			<ocrProcessingStep>
				<processingSoftware>
					<softwareCreator>ABBYY (BIT Software), Russia</softwareCreator>
					<softwareName>FineReader</softwareName>
					<softwareVersion>11.0</softwareVersion>
				</processingSoftware>
			</ocrProcessingStep>
			<postProcessingStep>
				<processingSoftware>
					<softwareCreator>CCS Content Conversion Specialists GmbH, Germany</softwareCreator>
					<softwareName>CCS docWorks</softwareName>
					<softwareVersion>7.0-0.3</softwareVersion>
					<applicationDescription>docWorks: Text modified manually, or automatically replaced</applicationDescription>
				</processingSoftware>
			</postProcessingStep>
		</OCRProcessing>
	</Description>
	<Styles>
		<TextStyle ID="TXT_0" FONTSIZE="10" FONTFAMILY="Times New Roman"/>
		<TextStyle ID="TXT_1" FONTSIZE="10" FONTFAMILY="Times New Roman" FONTSTYLE="bold"/>
		<TextStyle ID="TXT_2" FONTSIZE="9" FONTFAMILY="Times New Roman" FONTSTYLE="bold"/>
		<TextStyle ID="TXT_3" FONTSIZE="9" FONTFAMILY="Times New Roman"/>
		<TextStyle ID="TXT_4" FONTSIZE="8" FONTFAMILY="Times New Roman" FONTSTYLE="bold"/>
		<TextStyle ID="TXT_5" FONTSIZE="7" FONTFAMILY="Times New Roman"/>
		<TextStyle ID="TXT_6" FONTSIZE="18" FONTFAMILY="Times New Roman" FONTSTYLE="bold"/>
		<TextStyle ID="TXT_7" FONTSIZE="7" FONTFAMILY="Times New Roman" FONTSTYLE="italics"/>
		<TextStyle ID="TXT_8" FONTSIZE="27" FONTFAMILY="Times New Roman"/>
		<TextStyle ID="TXT_9" FONTSIZE="33" FONTFAMILY="Times New Roman"/>
		<TextStyle ID="TXT_10" FONTSIZE="10" FONTFAMILY="Times New Roman" FONTSTYLE="bold"/>
		<TextStyle ID="TXT_11" FONTSIZE="14" FONTFAMILY="Times New Roman" FONTSTYLE="bold italics"/>
		<TextStyle ID="TXT_12" FONTSIZE="23" FONTFAMILY="Times New Roman" FONTSTYLE="bold"/>
		<TextStyle ID="TXT_13" FONTSIZE="14" FONTFAMILY="Times New Roman" FONTSTYLE="italics"/>
		<TextStyle ID="TXT_14" FONTSIZE="11" FONTFAMILY="Times New Roman" FONTSTYLE="bold italics"/>
		<TextStyle ID="TXT_15" FONTSIZE="8" FONTFAMILY="Times New Roman"/>
		<TextStyle ID="TXT_16" FONTSIZE="14" FONTFAMILY="Times New Roman" FONTSTYLE="bold"/>
		<TextStyle ID="TXT_17" FONTSIZE="13" FONTFAMILY="Times New Roman"/>
		<TextStyle ID="TXT_18" FONTSIZE="5" FONTFAMILY="Times New Roman"/>
		<TextStyle ID="TXT_19" FONTSIZE="12" FONTFAMILY="Times New Roman"/>
		<TextStyle ID="TXT_20" FONTSIZE="25" FONTFAMILY="Times New Roman" FONTSTYLE="bold"/>
		<TextStyle ID="TXT_21" FONTSIZE="18" FONTFAMILY="Times New Roman"/>
		<ParagraphStyle ID="PAR_LEFT" ALIGN="Left"/>
		<ParagraphStyle ID="PAR_BLOCK" ALIGN="Block"/>
		<ParagraphStyle ID="PAR_CENTER" ALIGN="Center"/>
	</Styles>
	<Layout>
		<Page ID="P2" PHYSICAL_IMG_NR="2" HEIGHT="6172" WIDTH="3922" PRINTED_IMG_NR="2" PC="0.886">
			<TopMargin ID="P2_TM00001" HPOS="0" VPOS="0" WIDTH="3923" HEIGHT="178"/>
			<LeftMargin ID="P2_LM00001" HPOS="0" VPOS="178" WIDTH="247" HEIGHT="5674"/>
			<RightMargin ID="P2_RM00001" HPOS="3858" VPOS="178" WIDTH="65" HEIGHT="5674"/>
			<BottomMargin ID="P2_BM00001" HPOS="0" VPOS="5852" WIDTH="3923" HEIGHT="320"/>
			<PrintSpace ID="P2_PS00001" HPOS="247" VPOS="178" WIDTH="3612" HEIGHT="5674">
				<TextBlock ID="P2_TB00001" HPOS="250" VPOS="2627" WIDTH="865" HEIGHT="180" language="en" STYLEREFS="TXT_0 PAR_LEFT">
					<TextLine ID="P2_TL00001" HPOS="309" VPOS="2627" WIDTH="806" HEIGHT="55">
						<String ID="P2_ST00001" HPOS="309" VPOS="2631" WIDTH="115" HEIGHT="41" CONTENT="Now" WC="0.99" CC="300"/>
						<SP ID="P2_SP00001" HPOS="424" VPOS="2672" WIDTH="30"/>
						<String ID="P2_ST00002" HPOS="454" VPOS="2631" WIDTH="142" HEIGHT="39" CONTENT="aren’t" WC="0.98" CC="200780"/>
						<SP ID="P2_SP00002" HPOS="595" VPOS="2672" WIDTH="31"/>
						<String ID="P2_ST00003" HPOS="627" VPOS="2646" WIDTH="65" HEIGHT="25" CONTENT="we" WC="1.00" CC="00"/>
						<SP ID="P2_SP00003" HPOS="691" VPOS="2672" WIDTH="31"/>
						<String ID="P2_ST00004" HPOS="723" VPOS="2631" WIDTH="102" HEIGHT="50" CONTENT="glad" WC="0.97" CC="7005"/>
						<SP ID="P2_SP00004" HPOS="825" VPOS="2682" WIDTH="31"/>
						<String ID="P2_ST00005" HPOS="857" VPOS="2644" WIDTH="66" HEIGHT="27" CONTENT="we" WC="0.26" CC="86"/>
						<SP ID="P2_SP00005" HPOS="923" VPOS="2682" WIDTH="33"/>
						<String ID="P2_ST00006" HPOS="956" VPOS="2627" WIDTH="159" HEIGHT="41" CONTENT="turned" WC="0.98" CC="060630"/>
					</TextLine>
					<TextLine ID="P2_TL00002" HPOS="250" VPOS="2698" WIDTH="865" HEIGHT="54">
						<String ID="P2_ST00007" HPOS="250" VPOS="2701" WIDTH="43" HEIGHT="39" CONTENT="in" WC="0.55" CC="53"/>
						<SP ID="P2_SP00006" HPOS="293" VPOS="2740" WIDTH="38"/>
						<String ID="P2_ST00008" HPOS="331" VPOS="2701" WIDTH="98" HEIGHT="39" CONTENT="that" WC="1.00" CC="0010"/>
						<SP ID="P2_SP00007" HPOS="428" VPOS="2740" WIDTH="36"/>
						<String ID="P2_ST00009" HPOS="465" VPOS="2699" WIDTH="191" HEIGHT="52" CONTENT="petition" WC="0.99" CC="30940009"/>
						<SP ID="P2_SP00008" HPOS="655" VPOS="2751" WIDTH="38"/>
						<String ID="P2_ST00010" HPOS="693" VPOS="2706" WIDTH="44" HEIGHT="33" CONTENT="to" WC="0.77" CC="40"/>
						<SP ID="P2_SP00009" HPOS="737" VPOS="2751" WIDTH="38"/>
						<String ID="P2_ST00011" HPOS="775" VPOS="2699" WIDTH="74" HEIGHT="38" CONTENT="the" WC="1.00" CC="000"/>
						<SP ID="P2_SP00010" HPOS="849" VPOS="2751" WIDTH="43"/>
						<String ID="P2_ST00012" HPOS="891" VPOS="2698" WIDTH="197" HEIGHT="39" CONTENT="Adminis" SUBS_TYPE="HypPart1" SUBS_CONTENT="Administration" WC="0.99" CC="6006026"/>
						<HYP HPOS="1088" VPOS="2698" WIDTH="27" CONTENT="-"/>
					</TextLine>
					<TextLine ID="P2_TL00003" HPOS="252" VPOS="2767" WIDTH="197" HEIGHT="40">
						<String ID="P2_ST00013" HPOS="252" VPOS="2769" WIDTH="165" HEIGHT="38" CONTENT="tration" SUBS_TYPE="HypPart2" SUBS_CONTENT="Administration" WC="0.99" CC="2160006"/>
						<SP ID="P2_SP00011" HPOS="417" VPOS="2806" WIDTH="14"/>
						<String ID="P2_ST00014" HPOS="431" VPOS="2767" WIDTH="17" HEIGHT="38" CONTENT="?" WC="1.00" CC="0"/>
					</TextLine>
				</TextBlock>
				<TextBlock ID="P2_TB00002" HPOS="249" VPOS="2877" WIDTH="868" HEIGHT="364" language="en" STYLEREFS="TXT_0 PAR_BLOCK">
					<TextLine ID="P2_TL00004" HPOS="306" VPOS="2879" WIDTH="809" HEIGHT="55">
						<String ID="P2_ST00015" HPOS="306" VPOS="2882" WIDTH="227" HEIGHT="52" CONTENT="Saturday" WC="1.00" CC="02060001"/>
						<SP ID="P2_SP00012" HPOS="532" VPOS="2934" WIDTH="47"/>
						<String ID="P2_ST00016" HPOS="580" VPOS="2880" WIDTH="236" HEIGHT="41" CONTENT="afternoon" WC="0.99" CC="050038005"/>
						<SP ID="P2_SP00013" HPOS="816" VPOS="2934" WIDTH="46"/>
						<String ID="P2_ST00017" HPOS="861" VPOS="2879" WIDTH="115" HEIGHT="39" CONTENT="finds" WC="0.99" CC="00402"/>
						<SP ID="P2_SP00014" HPOS="976" VPOS="2934" WIDTH="52"/>
						<String ID="P2_ST00018" HPOS="1028" VPOS="2879" WIDTH="58" HEIGHT="38" CONTENT="An" SUBS_TYPE="HypPart1" SUBS_CONTENT="Andrews" WC="0.93" CC="68"/>
						<HYP HPOS="1087" VPOS="2879" WIDTH="28" CONTENT="-"/>
					</TextLine>
					<TextLine ID="P2_TL00005" HPOS="250" VPOS="2948" WIDTH="866" HEIGHT="43">
						<String ID="P2_ST00019" HPOS="250" VPOS="2953" WIDTH="146" HEIGHT="38" CONTENT="drews" SUBS_TYPE="HypPart2" SUBS_CONTENT="Andrews" WC="1.00" CC="00000"/>
						<SP ID="P2_SP00015" HPOS="397" VPOS="2991" WIDTH="57"/>
						<String ID="P2_ST00020" HPOS="454" VPOS="2948" WIDTH="126" HEIGHT="43" CONTENT="Field" WC="0.98" CC="08030"/>
						<SP ID="P2_SP00016" HPOS="580" VPOS="2991" WIDTH="54"/>
						<String ID="P2_ST00021" HPOS="633" VPOS="2948" WIDTH="266" HEIGHT="39" CONTENT="abandoned" WC="0.99" CC="159900700"/>
						<SP ID="P2_SP00017" HPOS="899" VPOS="2991" WIDTH="55"/>
						<String ID="P2_ST00022" HPOS="954" VPOS="2948" WIDTH="87" HEIGHT="39" CONTENT="and" WC="0.96" CC="370"/>
						<SP ID="P2_SP00018" HPOS="1041" VPOS="2991" WIDTH="54"/>
						<String ID="P2_ST00023" HPOS="1094" VPOS="2961" WIDTH="22" HEIGHT="24" CONTENT="a" WC="0.42" CC="5"/>
					</TextLine>
					<TextLine ID="P2_TL00006" HPOS="250" VPOS="3014" WIDTH="867" HEIGHT="54">
						<String ID="P2_ST00024" HPOS="250" VPOS="3019" WIDTH="173" HEIGHT="41" CONTENT="serious" WC="1.00" CC="0024010"/>
						<SP ID="P2_SP00019" HPOS="424" VPOS="3060" WIDTH="30"/>
						<String ID="P2_ST00025" HPOS="454" VPOS="3017" WIDTH="233" HEIGHT="50" CONTENT="crowding" WC="0.98" CC="01060787"/>
						<SP ID="P2_SP00020" HPOS="687" VPOS="3068" WIDTH="25"/>
						<String ID="P2_ST00026" HPOS="712" VPOS="3017" WIDTH="47" HEIGHT="41" CONTENT="of" WC="0.83" CC="03"/>
						<SP ID="P2_SP00021" HPOS="759" VPOS="3068" WIDTH="28"/>
						<String ID="P2_ST00027" HPOS="787" VPOS="3016" WIDTH="72" HEIGHT="43" CONTENT="the" WC="0.96" CC="323"/>
						<SP ID="P2_SP00022" HPOS="860" VPOS="3068" WIDTH="30"/>
						<String ID="P2_ST00028" HPOS="890" VPOS="3014" WIDTH="227" HEIGHT="43" CONTENT="“movies”" WC="0.99" CC="80005038"/>
					</TextLine>
					<TextLine ID="P2_TL00007" HPOS="250" VPOS="3083" WIDTH="867" HEIGHT="49">
						<String ID="P2_ST00029" HPOS="250" VPOS="3088" WIDTH="88" HEIGHT="39" CONTENT="and" WC="1.00" CC="000"/>
						<SP ID="P2_SP00023" HPOS="339" VPOS="3128" WIDTH="28"/>
						<String ID="P2_ST00030" HPOS="367" VPOS="3085" WIDTH="198" HEIGHT="44" CONTENT="theatres" WC="1.00" CC="00010000"/>
						<SP ID="P2_SP00024" HPOS="565" VPOS="3129" WIDTH="28"/>
						<String ID="P2_ST00031" HPOS="594" VPOS="3087" WIDTH="274" HEIGHT="39" CONTENT="downtown." WC="1.00" CC="000700040"/>
						<SP ID="P2_SP00025" HPOS="868" VPOS="3129" WIDTH="58"/>
						<String ID="P2_ST00032" HPOS="926" VPOS="3083" WIDTH="191" HEIGHT="49" CONTENT="Strange" WC="0.98" CC="0009790"/>
					</TextLine>
					<TextLine ID="P2_TL00008" HPOS="252" VPOS="3142" WIDTH="865" HEIGHT="52">
						<String ID="P2_ST00033" HPOS="252" VPOS="3145" WIDTH="98" HEIGHT="43" CONTENT="that" WC="1.00" CC="0002"/>
						<SP ID="P2_SP00026" HPOS="350" VPOS="3187" WIDTH="43"/>
						<String ID="P2_ST00034" HPOS="392" VPOS="3145" WIDTH="126" HEIGHT="41" CONTENT="these" WC="1.00" CC="04000"/>
						<SP ID="P2_SP00027" HPOS="518" VPOS="3187" WIDTH="44"/>
						<String ID="P2_ST00035" HPOS="562" VPOS="3143" WIDTH="170" HEIGHT="50" CONTENT="college" WC="0.98" CC="4253052"/>
						<SP ID="P2_SP00028" HPOS="732" VPOS="3194" WIDTH="44"/>
						<String ID="P2_ST00036" HPOS="776" VPOS="3142" WIDTH="175" HEIGHT="39" CONTENT="fellows" WC="0.99" CC="3030040"/>
						<SP ID="P2_SP00029" HPOS="951" VPOS="3194" WIDTH="46"/>
						<String ID="P2_ST00037" HPOS="997" VPOS="3146" WIDTH="120" HEIGHT="33" CONTENT="must" WC="0.96" CC="6550"/>
					</TextLine>
					<TextLine ID="P2_TL00009" HPOS="249" VPOS="3198" WIDTH="294" HEIGHT="43">
						<String ID="P2_ST00038" HPOS="249" VPOS="3202" WIDTH="55" HEIGHT="39" CONTENT="be" WC="1.00" CC="00"/>
						<SP ID="P2_SP00030" HPOS="304" VPOS="3241" WIDTH="30"/>
						<String ID="P2_ST00039" HPOS="334" VPOS="3198" WIDTH="209" HEIGHT="43" CONTENT="amused!" WC="0.99" CC="0360004"/>
					</TextLine>
				</TextBlock>
				<TextBlock ID="P2_TB00003" HPOS="247" VPOS="3312" WIDTH="870" HEIGHT="284" language="en" STYLEREFS="TXT_0 PAR_BLOCK">
					<TextLine ID="P2_TL00010" HPOS="309" VPOS="3313" WIDTH="806" HEIGHT="56">
						<String ID="P2_ST00040" HPOS="309" VPOS="3318" WIDTH="99" HEIGHT="43" CONTENT="Bon" WC="0.98" CC="400"/>
						<SP ID="P2_SP00031" HPOS="408" VPOS="3361" WIDTH="49"/>
						<String ID="P2_ST00041" HPOS="457" VPOS="3328" WIDTH="175" HEIGHT="41" CONTENT="voyage" WC="0.99" CC="005900"/>
						<SP ID="P2_SP00032" HPOS="631" VPOS="3369" WIDTH="54"/>
						<String ID="P2_ST00042" HPOS="685" VPOS="3323" WIDTH="46" HEIGHT="31" CONTENT="to" WC="0.72" CC="05"/>
						<SP ID="P2_SP00033" HPOS="731" VPOS="3369" WIDTH="54"/>
						<String ID="P2_ST00043" HPOS="784" VPOS="3315" WIDTH="72" HEIGHT="39" CONTENT="the" WC="0.99" CC="300"/>
						<SP ID="P2_SP00034" HPOS="857" VPOS="3369" WIDTH="52"/>
						<String ID="P2_ST00044" HPOS="909" VPOS="3313" WIDTH="206" HEIGHT="39" CONTENT="Crimson" WC="0.96" CC="5389998"/>
					</TextLine>
					<TextLine ID="P2_TL00011" HPOS="250" VPOS="3370" WIDTH="866" HEIGHT="50">
						<String ID="P2_ST00045" HPOS="250" VPOS="3373" WIDTH="189" HEIGHT="41" CONTENT="football" WC="0.98" CC="67007603"/>
						<SP ID="P2_SP00035" HPOS="439" VPOS="3414" WIDTH="63"/>
						<String ID="P2_ST00046" HPOS="502" VPOS="3380" WIDTH="120" HEIGHT="35" CONTENT="team" WC="0.97" CC="4080"/>
						<SP ID="P2_SP00036" HPOS="622" VPOS="3414" WIDTH="35"/>
						<String ID="P2_ST00047" HPOS="657" VPOS="3386" WIDTH="54" HEIGHT="25" CONTENT="on" WC="0.60" CC="07"/>
						<SP ID="P2_SP00037" HPOS="710" VPOS="3414" WIDTH="65"/>
						<String ID="P2_ST00048" HPOS="775" VPOS="3372" WIDTH="115" HEIGHT="41" CONTENT="their" WC="0.98" CC="06005"/>
						<SP ID="P2_SP00038" HPOS="890" VPOS="3414" WIDTH="33"/>
						<String ID="P2_ST00049" HPOS="923" VPOS="3370" WIDTH="85" HEIGHT="50" CONTENT="trip" WC="0.97" CC="0526"/>
						<SP ID="P2_SP00039" HPOS="1008" VPOS="3420" WIDTH="65"/>
						<String ID="P2_ST00050" HPOS="1072" VPOS="3380" WIDTH="44" HEIGHT="28" CONTENT="to" WC="0.34" CC="39"/>
					</TextLine>
					<TextLine ID="P2_TL00012" HPOS="254" VPOS="3430" WIDTH="863" HEIGHT="51">
						<String ID="P2_ST00051" HPOS="254" VPOS="3431" WIDTH="233" HEIGHT="41" CONTENT="Pasadena" WC="1.00" CC="60000000"/>
						<String ID="P2_ST00052" HPOS="490" VPOS="3430" WIDTH="164" HEIGHT="46" CONTENT="—they" WC="0.98" CC="80016"/>
						<SP ID="P2_SP00040" HPOS="654" VPOS="3476" WIDTH="63"/>
						<String ID="P2_ST00053" HPOS="717" VPOS="3443" WIDTH="102" HEIGHT="38" CONTENT="may" WC="0.98" CC="040"/>
						<SP ID="P2_SP00041" HPOS="819" VPOS="3480" WIDTH="61"/>
						<String ID="P2_ST00054" HPOS="880" VPOS="3430" WIDTH="52" HEIGHT="38" CONTENT="be" WC="0.69" CC="60"/>
						<SP ID="P2_SP00042" HPOS="932" VPOS="3480" WIDTH="65"/>
						<String ID="P2_ST00055" HPOS="997" VPOS="3439" WIDTH="120" HEIGHT="27" CONTENT="more" WC="0.94" CC="8756"/>
					</TextLine>
					<TextLine ID="P2_TL00013" HPOS="250" VPOS="3485" WIDTH="867" HEIGHT="46">
						<String ID="P2_ST00056" HPOS="250" VPOS="3487" WIDTH="250" HEIGHT="44" CONTENT="successful" WC="1.00" CC="0500010530"/>
						<SP ID="P2_SP00043" HPOS="501" VPOS="3531" WIDTH="36"/>
						<String ID="P2_ST00057" HPOS="537" VPOS="3488" WIDTH="107" HEIGHT="39" CONTENT="than" WC="0.98" CC="0047"/>
						<SP ID="P2_SP00044" HPOS="644" VPOS="3531" WIDTH="66"/>
						<String ID="P2_ST00058" HPOS="710" VPOS="3501" WIDTH="66" HEIGHT="25" CONTENT="we" WC="0.69" CC="06"/>
						<SP ID="P2_SP00045" HPOS="776" VPOS="3531" WIDTH="36"/>
						<String ID="P2_ST00059" HPOS="813" VPOS="3501" WIDTH="115" HEIGHT="27" CONTENT="were" WC="0.94" CC="9467"/>
						<SP ID="P2_SP00046" HPOS="928" VPOS="3531" WIDTH="66"/>
						<String ID="P2_ST00060" HPOS="994" VPOS="3485" WIDTH="123" HEIGHT="39" CONTENT="three" WC="0.95" CC="57957"/>
					</TextLine>
					<TextLine ID="P2_TL00014" HPOS="249" VPOS="3545" WIDTH="274" HEIGHT="51">
						<String ID="P2_ST00061" HPOS="249" VPOS="3561" WIDTH="131" HEIGHT="35" CONTENT="years" WC="0.98" CC="00780"/>
						<SP ID="P2_SP00047" HPOS="380" VPOS="3595" WIDTH="30"/>
						<String ID="P2_ST00062" HPOS="409" VPOS="3545" WIDTH="113" HEIGHT="50" CONTENT="ago?" WC="0.98" CC="0900"/>
					</TextLine>
				</TextBlock>
				<TextBlock ID="P2_TB00004" HPOS="250" VPOS="3657" WIDTH="865" HEIGHT="392" language="en" STYLEREFS="TXT_0 PAR_BLOCK">
					<TextLine ID="P2_TL00015" HPOS="309" VPOS="3658" WIDTH="806" HEIGHT="49">
						<String ID="P2_ST00063" HPOS="309" VPOS="3660" WIDTH="271" HEIGHT="41" CONTENT="Remember" WC="0.99" CC="00470000"/>
						<SP ID="P2_SP00048" HPOS="580" VPOS="3701" WIDTH="35"/>
						<String ID="P2_ST00064" HPOS="614" VPOS="3658" WIDTH="96" HEIGHT="43" CONTENT="that" WC="1.00" CC="0000"/>
						<SP ID="P2_SP00049" HPOS="710" VPOS="3701" WIDTH="35"/>
						<String ID="P2_ST00065" HPOS="745" VPOS="3658" WIDTH="123" HEIGHT="41" CONTENT="there" WC="0.98" CC="06040"/>
						<SP ID="P2_SP00050" HPOS="868" VPOS="3701" WIDTH="36"/>
						<String ID="P2_ST00066" HPOS="904" VPOS="3671" WIDTH="72" HEIGHT="28" CONTENT="are" WC="0.91" CC="597"/>
						<SP ID="P2_SP00051" HPOS="976" VPOS="3701" WIDTH="38"/>
						<String ID="P2_ST00067" HPOS="1014" VPOS="3658" WIDTH="101" HEIGHT="49" CONTENT="only" WC="0.93" CC="7869"/>
					</TextLine>
					<TextLine ID="P2_TL00016" HPOS="252" VPOS="3715" WIDTH="861" HEIGHT="47">
						<String ID="P2_ST00068" HPOS="252" VPOS="3726" WIDTH="93" HEIGHT="35" CONTENT="two" WC="1.00" CC="000"/>
						<SP ID="P2_SP00052" HPOS="345" VPOS="3761" WIDTH="25"/>
						<String ID="P2_ST00069" HPOS="370" VPOS="3718" WIDTH="154" HEIGHT="41" CONTENT="weeks" WC="0.99" CC="70000"/>
						<SP ID="P2_SP00053" HPOS="524" VPOS="3761" WIDTH="58"/>
						<String ID="P2_ST00070" HPOS="583" VPOS="3718" WIDTH="44" HEIGHT="39" CONTENT="of" WC="0.75" CC="04"/>
						<SP ID="P2_SP00054" HPOS="627" VPOS="3761" WIDTH="30"/>
						<String ID="P2_ST00071" HPOS="657" VPOS="3717" WIDTH="167" HEIGHT="39" CONTENT="classes" WC="0.99" CC="0410009"/>
						<SP ID="P2_SP00055" HPOS="824" VPOS="3761" WIDTH="60"/>
						<String ID="P2_ST00072" HPOS="883" VPOS="3715" WIDTH="230" HEIGHT="47" CONTENT="following" WC="0.98" CC="500599487"/>
					</TextLine>
					<TextLine ID="P2_TL00017" HPOS="252" VPOS="3772" WIDTH="861" HEIGHT="46">
						<String ID="P2_ST00073" HPOS="252" VPOS="3775" WIDTH="74" HEIGHT="43" CONTENT="the" WC="0.95" CC="373"/>
						<SP ID="P2_SP00056" HPOS="326" VPOS="3817" WIDTH="41"/>
						<String ID="P2_ST00074" HPOS="367" VPOS="3773" WIDTH="224" HEIGHT="43" CONTENT="vacation." WC="0.99" CC="300005070"/>
						<SP ID="P2_SP00057" HPOS="591" VPOS="3817" WIDTH="74"/>
						<String ID="P2_ST00075" HPOS="665" VPOS="3772" WIDTH="134" HEIGHT="43" CONTENT="Make" WC="0.97" CC="4431"/>
						<SP ID="P2_SP00058" HPOS="798" VPOS="3817" WIDTH="44"/>
						<String ID="P2_ST00076" HPOS="843" VPOS="3772" WIDTH="124" HEIGHT="41" CONTENT="these" WC="0.96" CC="76372"/>
						<SP ID="P2_SP00059" HPOS="967" VPOS="3817" WIDTH="44"/>
						<String ID="P2_ST00077" HPOS="1011" VPOS="3780" WIDTH="102" HEIGHT="30" CONTENT="next" WC="0.95" CC="8770"/>
					</TextLine>
					<TextLine ID="P2_TL00018" HPOS="250" VPOS="3827" WIDTH="865" HEIGHT="54">
						<String ID="P2_ST00078" HPOS="250" VPOS="3841" WIDTH="91" HEIGHT="33" CONTENT="two" WC="1.00" CC="000"/>
						<SP ID="P2_SP00060" HPOS="342" VPOS="3874" WIDTH="38"/>
						<String ID="P2_ST00079" HPOS="380" VPOS="3839" WIDTH="139" HEIGHT="33" CONTENT="count" WC="0.98" CC="00085"/>
						<SP ID="P2_SP00061" HPOS="518" VPOS="3874" WIDTH="39"/>
						<String ID="P2_ST00080" HPOS="557" VPOS="3831" WIDTH="68" HEIGHT="41" CONTENT="for" WC="0.96" CC="406"/>
						<SP ID="P2_SP00062" HPOS="625" VPOS="3874" WIDTH="41"/>
						<String ID="P2_ST00081" HPOS="666" VPOS="3828" WIDTH="271" HEIGHT="52" CONTENT="something." WC="0.99" CC="0000071890"/>
						<SP ID="P2_SP00063" HPOS="937" VPOS="3880" WIDTH="68"/>
						<String ID="P2_ST00082" HPOS="1005" VPOS="3827" WIDTH="110" HEIGHT="39" CONTENT="This" WC="0.93" CC="6789"/>
					</TextLine>
					<TextLine ID="P2_TL00019" HPOS="250" VPOS="3885" WIDTH="863" HEIGHT="55">
						<String ID="P2_ST00083" HPOS="250" VPOS="3890" WIDTH="36" HEIGHT="43" CONTENT="is" WC="0.36" CC="65"/>
						<SP ID="P2_SP00064" HPOS="287" VPOS="3932" WIDTH="31"/>
						<String ID="P2_ST00084" HPOS="318" VPOS="3888" WIDTH="243" HEIGHT="52" CONTENT="especially" WC="1.00" CC="0002020300"/>
						<SP ID="P2_SP00065" HPOS="561" VPOS="3940" WIDTH="60"/>
						<String ID="P2_ST00085" HPOS="620" VPOS="3887" WIDTH="68" HEIGHT="41" CONTENT="for" WC="0.98" CC="600"/>
						<SP ID="P2_SP00066" HPOS="688" VPOS="3940" WIDTH="30"/>
						<String ID="P2_ST00086" HPOS="718" VPOS="3901" WIDTH="87" HEIGHT="38" CONTENT="you" WC="0.97" CC="008"/>
						<SP ID="P2_SP00067" HPOS="805" VPOS="3940" WIDTH="65"/>
						<String ID="P2_ST00087" HPOS="869" VPOS="3885" WIDTH="244" HEIGHT="41" CONTENT="Freshmen" WC="0.97" CC="75067778"/>
					</TextLine>
					<TextLine ID="P2_TL00020" HPOS="250" VPOS="3945" WIDTH="865" HEIGHT="50">
						<String ID="P2_ST00088" HPOS="250" VPOS="3948" WIDTH="104" HEIGHT="41" CONTENT="who" WC="0.96" CC="009"/>
						<SP ID="P2_SP00068" HPOS="354" VPOS="3989" WIDTH="27"/>
						<String ID="P2_ST00089" HPOS="381" VPOS="3946" WIDTH="151" HEIGHT="41" CONTENT="would" WC="0.97" CC="07806"/>
						<SP ID="P2_SP00069" HPOS="532" VPOS="3989" WIDTH="30"/>
						<String ID="P2_ST00090" HPOS="562" VPOS="3945" WIDTH="83" HEIGHT="43" CONTENT="like" WC="0.99" CC="0300"/>
						<SP ID="P2_SP00070" HPOS="646" VPOS="3989" WIDTH="28"/>
						<String ID="P2_ST00091" HPOS="674" VPOS="3954" WIDTH="46" HEIGHT="33" CONTENT="to" WC="0.62" CC="70"/>
						<SP ID="P2_SP00071" HPOS="720" VPOS="3989" WIDTH="28"/>
						<String ID="P2_ST00092" HPOS="748" VPOS="3953" WIDTH="101" HEIGHT="35" CONTENT="turn" WC="0.96" CC="1807"/>
						<SP ID="P2_SP00072" HPOS="849" VPOS="3989" WIDTH="30"/>
						<String ID="P2_ST00093" HPOS="879" VPOS="3957" WIDTH="112" HEIGHT="38" CONTENT="your" WC="0.94" CC="9972"/>
						<SP ID="P2_SP00073" HPOS="991" VPOS="3995" WIDTH="28"/>
						<String ID="P2_ST00094" HPOS="1019" VPOS="3945" WIDTH="72" HEIGHT="36" CONTENT="but" SUBS_TYPE="HypPart1" SUBS_CONTENT="button" WC="0.96" CC="783"/>
						<HYP HPOS="1091" VPOS="3945" WIDTH="24" CONTENT="-"/>
					</TextLine>
					<TextLine ID="P2_TL00021" HPOS="252" VPOS="4003" WIDTH="443" HEIGHT="46">
						<String ID="P2_ST00095" HPOS="252" VPOS="4014" WIDTH="76" HEIGHT="31" CONTENT="ton" SUBS_TYPE="HypPart2" SUBS_CONTENT="button" WC="0.97" CC="430"/>
						<SP ID="P2_SP00074" HPOS="328" VPOS="4046" WIDTH="38"/>
						<String ID="P2_ST00096" HPOS="365" VPOS="4005" WIDTH="43" HEIGHT="39" CONTENT="in" WC="0.41" CC="65"/>
						<SP ID="P2_SP00075" HPOS="408" VPOS="4046" WIDTH="36"/>
						<String ID="P2_ST00097" HPOS="444" VPOS="4003" WIDTH="69" HEIGHT="39" CONTENT="for" WC="0.98" CC="600"/>
						<SP ID="P2_SP00076" HPOS="513" VPOS="4046" WIDTH="35"/>
						<String ID="P2_ST00098" HPOS="548" VPOS="4017" WIDTH="22" HEIGHT="27" CONTENT="a" WC="0.35" CC="6"/>
						<SP ID="P2_SP00077" HPOS="570" VPOS="4046" WIDTH="36"/>
						<String ID="P2_ST00099" HPOS="606" VPOS="4003" WIDTH="88" HEIGHT="46" CONTENT="pin." WC="0.96" CC="5680"/>
					</TextLine>
				</TextBlock>
				<TextBlock ID="P2_TB00005" HPOS="435" VPOS="4115" WIDTH="534" HEIGHT="41" language="en" STYLEREFS="TXT_1 PAR_LEFT">
					<TextLine ID="P2_TL00022" HPOS="436" VPOS="4117" WIDTH="492" HEIGHT="39">
						<String ID="P2_ST00100" HPOS="436" VPOS="4117" WIDTH="216" HEIGHT="39" CONTENT="MINOR" WC="0.99" CC="00530"/>
						<SP ID="P2_SP00078" HPOS="652" VPOS="4156" WIDTH="27"/>
						<String ID="P2_ST00101" HPOS="679" VPOS="4117" WIDTH="249" HEIGHT="39" CONTENT="SPORTS." WC="0.99" CC="0600004"/>
					</TextLine>
				</TextBlock>
				<TextBlock ID="P2_TB00006" HPOS="247" VPOS="4243" WIDTH="870" HEIGHT="1194" language="en" STYLEREFS="TXT_0 PAR_BLOCK">
					<TextLine ID="P2_TL00023" HPOS="307" VPOS="4243" WIDTH="809" HEIGHT="49">
						<String ID="P2_ST00102" HPOS="307" VPOS="4246" WIDTH="98" HEIGHT="39" CONTENT="The" WC="0.97" CC="007"/>
						<SP ID="P2_SP00079" HPOS="405" VPOS="4285" WIDTH="35"/>
						<String ID="P2_ST00103" HPOS="439" VPOS="4257" WIDTH="159" HEIGHT="27" CONTENT="season" WC="0.99" CC="100008"/>
						<SP ID="P2_SP00080" HPOS="598" VPOS="4285" WIDTH="36"/>
						<String ID="P2_ST00104" HPOS="635" VPOS="4244" WIDTH="46" HEIGHT="38" CONTENT="of" WC="0.75" CC="22"/>
						<SP ID="P2_SP00081" HPOS="680" VPOS="4285" WIDTH="35"/>
						<String ID="P2_ST00105" HPOS="715" VPOS="4243" WIDTH="146" HEIGHT="39" CONTENT="minor" WC="0.96" CC="05885"/>
						<SP ID="P2_SP00082" HPOS="861" VPOS="4285" WIDTH="33"/>
						<String ID="P2_ST00106" HPOS="894" VPOS="4247" WIDTH="151" HEIGHT="44" CONTENT="sports" WC="0.98" CC="509400"/>
						<SP ID="P2_SP00083" HPOS="1046" VPOS="4291" WIDTH="38"/>
						<String ID="P2_ST00107" HPOS="1083" VPOS="4243" WIDTH="33" HEIGHT="33" CONTENT="is" WC="0.30" CC="39"/>
					</TextLine>
					<TextLine ID="P2_TL00024" HPOS="249" VPOS="4296" WIDTH="866" HEIGHT="57">
						<String ID="P2_ST00108" HPOS="249" VPOS="4318" WIDTH="104" HEIGHT="27" CONTENT="now" WC="0.99" CC="101"/>
						<SP ID="P2_SP00084" HPOS="353" VPOS="4345" WIDTH="25"/>
						<String ID="P2_ST00109" HPOS="378" VPOS="4301" WIDTH="228" HEIGHT="52" CONTENT="swinging" WC="0.98" CC="03727669"/>
						<SP ID="P2_SP00085" HPOS="606" VPOS="4353" WIDTH="25"/>
						<String ID="P2_ST00110" HPOS="631" VPOS="4301" WIDTH="94" HEIGHT="41" CONTENT="into" WC="0.98" CC="4400"/>
						<SP ID="P2_SP00086" HPOS="726" VPOS="4353" WIDTH="25"/>
						<String ID="P2_ST00111" HPOS="751" VPOS="4299" WIDTH="55" HEIGHT="39" CONTENT="its" WC="0.95" CC="209"/>
						<SP ID="P2_SP00087" HPOS="806" VPOS="4353" WIDTH="25"/>
						<String ID="P2_ST00112" HPOS="831" VPOS="4312" WIDTH="115" HEIGHT="30" CONTENT="own." WC="0.97" CC="0680"/>
						<SP ID="P2_SP00088" HPOS="946" VPOS="4353" WIDTH="41"/>
						<String ID="P2_ST00113" HPOS="987" VPOS="4296" WIDTH="128" HEIGHT="41" CONTENT="With" WC="0.98" CC="2006"/>
					</TextLine>
					<TextLine ID="P2_TL00025" HPOS="252" VPOS="4354" WIDTH="865" HEIGHT="50">
						<String ID="P2_ST00114" HPOS="252" VPOS="4361" WIDTH="76" HEIGHT="43" CONTENT="the" WC="0.98" CC="230"/>
						<SP ID="P2_SP00089" HPOS="328" VPOS="4403" WIDTH="44"/>
						<String ID="P2_ST00115" HPOS="372" VPOS="4359" WIDTH="191" HEIGHT="41" CONTENT="football" WC="1.00" CC="00000006"/>
						<SP ID="P2_SP00090" HPOS="562" VPOS="4403" WIDTH="44"/>
						<String ID="P2_ST00116" HPOS="606" VPOS="4356" WIDTH="213" HEIGHT="43" CONTENT="schedule" WC="0.99" CC="00540750"/>
						<SP ID="P2_SP00091" HPOS="819" VPOS="4403" WIDTH="46"/>
						<String ID="P2_ST00117" HPOS="865" VPOS="4354" WIDTH="252" HEIGHT="50" CONTENT="completed" WC="0.98" CC="789740270"/>
					</TextLine>
					<TextLine ID="P2_TL00026" HPOS="249" VPOS="4414" WIDTH="868" HEIGHT="52">
						<String ID="P2_ST00118" HPOS="249" VPOS="4431" WIDTH="109" HEIGHT="27" CONTENT="over" WC="1.00" CC="0002"/>
						<SP ID="P2_SP00092" HPOS="357" VPOS="4458" WIDTH="60"/>
						<String ID="P2_ST00119" HPOS="417" VPOS="4433" WIDTH="24" HEIGHT="25" CONTENT="a" WC="0.22" CC="7"/>
						<SP ID="P2_SP00093" HPOS="441" VPOS="4458" WIDTH="33"/>
						<String ID="P2_ST00120" HPOS="474" VPOS="4416" WIDTH="124" HEIGHT="41" CONTENT="week" WC="0.99" CC="6000"/>
						<SP ID="P2_SP00094" HPOS="598" VPOS="4458" WIDTH="60"/>
						<String ID="P2_ST00121" HPOS="658" VPOS="4430" WIDTH="87" HEIGHT="36" CONTENT="ago" WC="0.96" CC="090"/>
						<SP ID="P2_SP00095" HPOS="745" VPOS="4466" WIDTH="31"/>
						<String ID="P2_ST00122" HPOS="776" VPOS="4414" WIDTH="85" HEIGHT="39" CONTENT="and" WC="0.93" CC="980"/>
						<SP ID="P2_SP00096" HPOS="861" VPOS="4466" WIDTH="63"/>
						<String ID="P2_ST00123" HPOS="924" VPOS="4414" WIDTH="192" HEIGHT="39" CONTENT="outdoor" WC="0.97" CC="9720970"/>
					</TextLine>
					<TextLine ID="P2_TL00027" HPOS="249" VPOS="4468" WIDTH="865" HEIGHT="57">
						<String ID="P2_ST00124" HPOS="249" VPOS="4476" WIDTH="129" HEIGHT="41" CONTENT="track" WC="0.98" CC="80400"/>
						<SP ID="P2_SP00097" HPOS="378" VPOS="4517" WIDTH="35"/>
						<String ID="P2_ST00125" HPOS="413" VPOS="4490" WIDTH="57" HEIGHT="27" CONTENT="an" WC="0.68" CC="06"/>
						<SP ID="P2_SP00098" HPOS="469" VPOS="4517" WIDTH="65"/>
						<String ID="P2_ST00126" HPOS="534" VPOS="4471" WIDTH="321" HEIGHT="54" CONTENT="impossibility" WC="1.00" CC="0000005000660"/>
						<SP ID="P2_SP00099" HPOS="855" VPOS="4524" WIDTH="41"/>
						<String ID="P2_ST00127" HPOS="896" VPOS="4485" WIDTH="63" HEIGHT="25" CONTENT="we" WC="0.47" CC="90"/>
						<SP ID="P2_SP00100" HPOS="959" VPOS="4524" WIDTH="68"/>
						<String ID="P2_ST00128" HPOS="1027" VPOS="4468" WIDTH="87" HEIGHT="41" CONTENT="find" WC="0.95" CC="4478"/>
					</TextLine>
					<TextLine ID="P2_TL00028" HPOS="249" VPOS="4529" WIDTH="863" HEIGHT="55">
						<String ID="P2_ST00129" HPOS="249" VPOS="4534" WIDTH="76" HEIGHT="39" CONTENT="the" WC="0.98" CC="050"/>
						<SP ID="P2_SP00101" HPOS="324" VPOS="4573" WIDTH="36"/>
						<String ID="P2_ST00130" HPOS="361" VPOS="4532" WIDTH="175" HEIGHT="52" CONTENT="Lyman" WC="0.99" CC="00404"/>
						<SP ID="P2_SP00102" HPOS="535" VPOS="4584" WIDTH="36"/>
						<String ID="P2_ST00131" HPOS="572" VPOS="4529" WIDTH="115" HEIGHT="52" CONTENT="Gym" WC="0.95" CC="309"/>
						<SP ID="P2_SP00103" HPOS="687" VPOS="4584" WIDTH="35"/>
						<String ID="P2_ST00132" HPOS="721" VPOS="4545" WIDTH="24" HEIGHT="25" CONTENT="a" WC="1.00" CC="0"/>
						<SP ID="P2_SP00104" HPOS="745" VPOS="4584" WIDTH="31"/>
						<String ID="P2_ST00133" HPOS="776" VPOS="4531" WIDTH="113" HEIGHT="49" CONTENT="busy" WC="0.93" CC="7869"/>
						<SP ID="P2_SP00105" HPOS="890" VPOS="4584" WIDTH="36"/>
						<String ID="P2_ST00134" HPOS="926" VPOS="4535" WIDTH="99" HEIGHT="43" CONTENT="spot" WC="0.94" CC="6982"/>
						<SP ID="P2_SP00106" HPOS="1025" VPOS="4584" WIDTH="35"/>
						<String ID="P2_ST00135" HPOS="1060" VPOS="4540" WIDTH="52" HEIGHT="24" CONTENT="on" WC="0.20" CC="78"/>
					</TextLine>
					<TextLine ID="P2_TL00029" HPOS="249" VPOS="4586" WIDTH="866" HEIGHT="54">
						<String ID="P2_ST00136" HPOS="249" VPOS="4591" WIDTH="74" HEIGHT="41" CONTENT="the" WC="0.98" CC="150"/>
						<SP ID="P2_SP00107" HPOS="323" VPOS="4631" WIDTH="61"/>
						<String ID="P2_ST00137" HPOS="384" VPOS="4603" WIDTH="198" HEIGHT="36" CONTENT="campus." WC="1.00" CC="0000000"/>
						<SP ID="P2_SP00108" HPOS="583" VPOS="4639" WIDTH="63"/>
						<String ID="P2_ST00138" HPOS="646" VPOS="4587" WIDTH="186" HEIGHT="38" CONTENT="Former" WC="0.98" CC="550050"/>
						<SP ID="P2_SP00109" HPOS="831" VPOS="4639" WIDTH="60"/>
						<String ID="P2_ST00139" HPOS="891" VPOS="4586" WIDTH="224" HEIGHT="38" CONTENT="members" WC="0.98" CC="0017459"/>
					</TextLine>
					<TextLine ID="P2_TL00030" HPOS="249" VPOS="4646" WIDTH="866" HEIGHT="47">
						<String ID="P2_ST00140" HPOS="249" VPOS="4649" WIDTH="47" HEIGHT="41" CONTENT="of" WC="0.88" CC="02"/>
						<SP ID="P2_SP00110" HPOS="296" VPOS="4690" WIDTH="57"/>
						<String ID="P2_ST00141" HPOS="353" VPOS="4647" WIDTH="76" HEIGHT="41" CONTENT="the" WC="0.99" CC="030"/>
						<SP ID="P2_SP00111" HPOS="428" VPOS="4690" WIDTH="30"/>
						<String ID="P2_ST00142" HPOS="458" VPOS="4646" WIDTH="189" HEIGHT="41" CONTENT="football" WC="1.00" CC="50100100"/>
						<SP ID="P2_SP00112" HPOS="647" VPOS="4690" WIDTH="61"/>
						<String ID="P2_ST00143" HPOS="709" VPOS="4646" WIDTH="140" HEIGHT="47" CONTENT="squad" WC="0.97" CC="14940"/>
						<SP ID="P2_SP00113" HPOS="849" VPOS="4693" WIDTH="35"/>
						<String ID="P2_ST00144" HPOS="883" VPOS="4657" WIDTH="71" HEIGHT="27" CONTENT="are" WC="0.98" CC="600"/>
						<SP ID="P2_SP00114" HPOS="954" VPOS="4693" WIDTH="60"/>
						<String ID="P2_ST00145" HPOS="1014" VPOS="4657" WIDTH="101" HEIGHT="24" CONTENT="now" WC="0.90" CC="899"/>
					</TextLine>
					<TextLine ID="P2_TL00031" HPOS="249" VPOS="4698" WIDTH="868" HEIGHT="57">
						<String ID="P2_ST00146" HPOS="249" VPOS="4718" WIDTH="104" HEIGHT="27" CONTENT="seen" WC="0.99" CC="0004"/>
						<SP ID="P2_SP00115" HPOS="353" VPOS="4745" WIDTH="33"/>
						<String ID="P2_ST00147" HPOS="386" VPOS="4702" WIDTH="118" HEIGHT="52" CONTENT="daily" WC="0.98" CC="30560"/>
						<SP ID="P2_SP00116" HPOS="504" VPOS="4754" WIDTH="31"/>
						<String ID="P2_ST00148" HPOS="535" VPOS="4701" WIDTH="176" HEIGHT="52" CONTENT="tossing" WC="0.98" CC="3000489"/>
						<SP ID="P2_SP00117" HPOS="712" VPOS="4754" WIDTH="30"/>
						<String ID="P2_ST00149" HPOS="742" VPOS="4701" WIDTH="184" HEIGHT="41" CONTENT="baskets" WC="0.99" CC="0700020"/>
						<SP ID="P2_SP00118" HPOS="926" VPOS="4754" WIDTH="28"/>
						<String ID="P2_ST00150" HPOS="954" VPOS="4713" WIDTH="55" HEIGHT="25" CONTENT="on" WC="0.60" CC="07"/>
						<SP ID="P2_SP00119" HPOS="1009" VPOS="4754" WIDTH="33"/>
						<String ID="P2_ST00151" HPOS="1043" VPOS="4698" WIDTH="74" HEIGHT="39" CONTENT="the" WC="0.94" CC="077"/>
					</TextLine>
					<TextLine ID="P2_TL00032" HPOS="252" VPOS="4754" WIDTH="865" HEIGHT="52">
						<String ID="P2_ST00152" HPOS="252" VPOS="4762" WIDTH="118" HEIGHT="38" CONTENT="main" WC="0.97" CC="0708"/>
						<SP ID="P2_SP00120" HPOS="370" VPOS="4800" WIDTH="61"/>
						<String ID="P2_ST00153" HPOS="431" VPOS="4761" WIDTH="126" HEIGHT="44" CONTENT="floor," WC="0.97" CC="555900"/>
						<SP ID="P2_SP00121" HPOS="557" VPOS="4805" WIDTH="31"/>
						<String ID="P2_ST00154" HPOS="589" VPOS="4757" WIDTH="164" HEIGHT="49" CONTENT="rolling" WC="0.99" CC="6070330"/>
						<SP ID="P2_SP00122" HPOS="753" VPOS="4806" WIDTH="33"/>
						<String ID="P2_ST00155" HPOS="786" VPOS="4770" WIDTH="55" HEIGHT="25" CONTENT="on" WC="0.45" CC="64"/>
						<SP ID="P2_SP00123" HPOS="841" VPOS="4806" WIDTH="63"/>
						<String ID="P2_ST00156" HPOS="904" VPOS="4754" WIDTH="76" HEIGHT="39" CONTENT="the" WC="0.97" CC="430"/>
						<SP ID="P2_SP00124" HPOS="980" VPOS="4806" WIDTH="33"/>
						<String ID="P2_ST00157" HPOS="1013" VPOS="4759" WIDTH="104" HEIGHT="39" CONTENT="mat," WC="1.00" CC="0000"/>
					</TextLine>
					<TextLine ID="P2_TL00033" HPOS="249" VPOS="4813" WIDTH="868" HEIGHT="58">
						<String ID="P2_ST00158" HPOS="249" VPOS="4817" WIDTH="257" HEIGHT="54" CONTENT="perspiring" WC="0.99" CC="5000250459"/>
						<SP ID="P2_SP00125" HPOS="506" VPOS="4871" WIDTH="25"/>
						<String ID="P2_ST00159" HPOS="531" VPOS="4830" WIDTH="109" HEIGHT="27" CONTENT="over" WC="0.98" CC="0035"/>
						<SP ID="P2_SP00126" HPOS="639" VPOS="4871" WIDTH="54"/>
						<String ID="P2_ST00160" HPOS="693" VPOS="4814" WIDTH="76" HEIGHT="41" CONTENT="the" WC="0.95" CC="344"/>
						<SP ID="P2_SP00127" HPOS="769" VPOS="4871" WIDTH="28"/>
						<String ID="P2_ST00161" HPOS="797" VPOS="4814" WIDTH="139" HEIGHT="43" CONTENT="dumb" WC="0.97" CC="0806"/>
						<SP ID="P2_SP00128" HPOS="935" VPOS="4871" WIDTH="54"/>
						<String ID="P2_ST00162" HPOS="989" VPOS="4813" WIDTH="128" HEIGHT="47" CONTENT="bells," WC="0.98" CC="702260"/>
					</TextLine>
					<TextLine ID="P2_TL00034" HPOS="249" VPOS="4866" WIDTH="868" HEIGHT="60">
						<String ID="P2_ST00163" HPOS="249" VPOS="4877" WIDTH="87" HEIGHT="39" CONTENT="and" WC="0.97" CC="340"/>
						<SP ID="P2_SP00129" HPOS="335" VPOS="4917" WIDTH="31"/>
						<String ID="P2_ST00164" HPOS="367" VPOS="4876" WIDTH="157" HEIGHT="50" CONTENT="diving" WC="0.98" CC="050039"/>
						<SP ID="P2_SP00130" HPOS="524" VPOS="4926" WIDTH="28"/>
						<String ID="P2_ST00165" HPOS="553" VPOS="4874" WIDTH="43" HEIGHT="39" CONTENT="in" WC="0.63" CC="15"/>
						<SP ID="P2_SP00131" HPOS="595" VPOS="4926" WIDTH="28"/>
						<String ID="P2_ST00166" HPOS="624" VPOS="4871" WIDTH="76" HEIGHT="41" CONTENT="the" WC="0.99" CC="200"/>
						<SP ID="P2_SP00132" HPOS="699" VPOS="4926" WIDTH="28"/>
						<String ID="P2_ST00167" HPOS="728" VPOS="4869" WIDTH="117" HEIGHT="52" CONTENT="pool." WC="0.99" CC="00050"/>
						<SP ID="P2_SP00133" HPOS="844" VPOS="4926" WIDTH="58"/>
						<String ID="P2_ST00168" HPOS="902" VPOS="4868" WIDTH="146" HEIGHT="41" CONTENT="There" WC="0.99" CC="06000"/>
						<SP ID="P2_SP00134" HPOS="1049" VPOS="4926" WIDTH="33"/>
						<String ID="P2_ST00169" HPOS="1082" VPOS="4866" WIDTH="35" HEIGHT="38" CONTENT="is" WC="0.45" CC="19"/>
					</TextLine>
					<TextLine ID="P2_TL00035" HPOS="249" VPOS="4923" WIDTH="868" HEIGHT="55">
						<String ID="P2_ST00170" HPOS="249" VPOS="4946" WIDTH="25" HEIGHT="25" CONTENT="a" WC="0.28" CC="7"/>
						<SP ID="P2_SP00135" HPOS="274" VPOS="4972" WIDTH="33"/>
						<String ID="P2_ST00171" HPOS="307" VPOS="4926" WIDTH="167" HEIGHT="44" CONTENT="chance" WC="0.98" CC="074800"/>
						<SP ID="P2_SP00136" HPOS="474" VPOS="4972" WIDTH="35"/>
						<String ID="P2_ST00172" HPOS="509" VPOS="4931" WIDTH="38" HEIGHT="38" CONTENT="in" WC="0.45" CC="28"/>
						<SP ID="P2_SP00137" HPOS="546" VPOS="4972" WIDTH="38"/>
						<String ID="P2_ST00173" HPOS="584" VPOS="4928" WIDTH="90" HEIGHT="41" CONTENT="this" WC="0.97" CC="0334"/>
						<SP ID="P2_SP00138" HPOS="674" VPOS="4972" WIDTH="33"/>
						<String ID="P2_ST00174" HPOS="707" VPOS="4928" WIDTH="123" HEIGHT="50" CONTENT="large" WC="0.98" CC="29000"/>
						<SP ID="P2_SP00139" HPOS="830" VPOS="4978" WIDTH="33"/>
						<String ID="P2_ST00175" HPOS="863" VPOS="4924" WIDTH="172" HEIGHT="50" CONTENT="variety" WC="0.99" CC="6704000"/>
						<SP ID="P2_SP00140" HPOS="1035" VPOS="4978" WIDTH="36"/>
						<String ID="P2_ST00176" HPOS="1071" VPOS="4923" WIDTH="46" HEIGHT="39" CONTENT="of" WC="0.56" CC="17"/>
					</TextLine>
					<TextLine ID="P2_TL00036" HPOS="250" VPOS="4983" WIDTH="867" HEIGHT="55">
						<String ID="P2_ST00177" HPOS="250" VPOS="5005" WIDTH="65" HEIGHT="33" CONTENT="spc" WC="0.19" CC="697"/>
						<SP ID="P2_SP00141" HPOS="315" VPOS="5038" WIDTH="20"/>
						<String ID="P2_ST00178" HPOS="335" VPOS="4997" WIDTH="65" HEIGHT="33" CONTENT="-ts" WC="0.97" CC="000"/>
						<SP ID="P2_SP00142" HPOS="400" VPOS="5038" WIDTH="38"/>
						<String ID="P2_ST00179" HPOS="438" VPOS="4991" WIDTH="66" HEIGHT="38" CONTENT="for" WC="0.93" CC="099"/>
						<SP ID="P2_SP00143" HPOS="504" VPOS="5038" WIDTH="65"/>
						<String ID="P2_ST00180" HPOS="569" VPOS="4987" WIDTH="151" HEIGHT="49" CONTENT="wady" WC="0.93" CC="8986"/>
						<SP ID="P2_SP00144" HPOS="720" VPOS="5038" WIDTH="38"/>
						<String ID="P2_ST00181" HPOS="757" VPOS="5000" WIDTH="134" HEIGHT="25" CONTENT="everv" WC="0.91" CC="00400"/>
						<SP ID="P2_SP00145" HPOS="891" VPOS="5038" WIDTH="65"/>
						<String ID="P2_ST00182" HPOS="956" VPOS="4983" WIDTH="134" HEIGHT="39" CONTENT="under" SUBS_TYPE="HypPart1" SUBS_CONTENT="undergraduate." WC="0.98" CC="75065"/>
						<HYP HPOS="1090" VPOS="4983" WIDTH="27" CONTENT="-"/>
					</TextLine>
					<TextLine ID="P2_TL00037" HPOS="250" VPOS="5039" WIDTH="867" HEIGHT="62">
						<String ID="P2_ST00183" HPOS="250" VPOS="5049" WIDTH="233" HEIGHT="52" CONTENT="graduate." SUBS_TYPE="HypPart2" SUBS_CONTENT="undergraduate." WC="0.99" CC="920900400"/>
						<SP ID="P2_SP00146" HPOS="483" VPOS="5101" WIDTH="52"/>
						<String ID="P2_ST00184" HPOS="535" VPOS="5044" WIDTH="129" HEIGHT="39" CONTENT="With" WC="0.97" CC="0605"/>
						<SP ID="P2_SP00147" HPOS="665" VPOS="5101" WIDTH="25"/>
						<String ID="P2_ST00185" HPOS="690" VPOS="5058" WIDTH="22" HEIGHT="25" CONTENT="a" WC="1.00" CC="0"/>
						<SP ID="P2_SP00148" HPOS="712" VPOS="5101" WIDTH="24"/>
						<String ID="P2_ST00186" HPOS="735" VPOS="5039" WIDTH="170" HEIGHT="44" CONTENT="certain" WC="0.99" CC="0000057"/>
						<SP ID="P2_SP00149" HPOS="906" VPOS="5101" WIDTH="25"/>
						<String ID="P2_ST00187" HPOS="931" VPOS="5049" WIDTH="186" HEIGHT="33" CONTENT="amount" WC="0.98" CC="026880"/>
					</TextLine>
					<TextLine ID="P2_TL00038" HPOS="249" VPOS="5098" WIDTH="865" HEIGHT="57">
						<String ID="P2_ST00188" HPOS="249" VPOS="5104" WIDTH="49" HEIGHT="41" CONTENT="of" WC="0.56" CC="26"/>
						<SP ID="P2_SP00150" HPOS="298" VPOS="5145" WIDTH="25"/>
						<String ID="P2_ST00189" HPOS="323" VPOS="5102" WIDTH="205" HEIGHT="52" CONTENT="physical" WC="0.99" CC="35804010"/>
						<SP ID="P2_SP00151" HPOS="528" VPOS="5154" WIDTH="55"/>
						<String ID="P2_ST00190" HPOS="583" VPOS="5099" WIDTH="198" HEIGHT="52" CONTENT="training" WC="0.98" CC="02055689"/>
						<SP ID="P2_SP00152" HPOS="781" VPOS="5154" WIDTH="28"/>
						<String ID="P2_ST00191" HPOS="809" VPOS="5098" WIDTH="205" HEIGHT="52" CONTENT="required" WC="0.99" CC="30060004"/>
						<SP ID="P2_SP00153" HPOS="1014" VPOS="5154" WIDTH="60"/>
						<String ID="P2_ST00192" HPOS="1074" VPOS="5098" WIDTH="39" HEIGHT="38" CONTENT="in" WC="0.58" CC="08"/>
					</TextLine>
					<TextLine ID="P2_TL00039" HPOS="247" VPOS="5153" WIDTH="870" HEIGHT="55">
						<String ID="P2_ST00193" HPOS="247" VPOS="5162" WIDTH="135" HEIGHT="41" CONTENT="order" WC="0.99" CC="00600"/>
						<SP ID="P2_SP00154" HPOS="383" VPOS="5203" WIDTH="27"/>
						<String ID="P2_ST00194" HPOS="409" VPOS="5167" WIDTH="47" HEIGHT="36" CONTENT="to" WC="1.00" CC="00"/>
						<SP ID="P2_SP00155" HPOS="457" VPOS="5203" WIDTH="27"/>
						<String ID="P2_ST00195" HPOS="483" VPOS="5170" WIDTH="156" HEIGHT="30" CONTENT="secure" WC="1.00" CC="000000"/>
						<SP ID="P2_SP00156" HPOS="639" VPOS="5203" WIDTH="28"/>
						<String ID="P2_ST00196" HPOS="668" VPOS="5172" WIDTH="24" HEIGHT="27" CONTENT="a" WC="0.92" CC="0"/>
						<SP ID="P2_SP00157" HPOS="691" VPOS="5203" WIDTH="28"/>
						<String ID="P2_ST00197" HPOS="720" VPOS="5157" WIDTH="176" HEIGHT="50" CONTENT="degree," WC="1.00" CC="0000070"/>
						<SP ID="P2_SP00158" HPOS="896" VPOS="5208" WIDTH="30"/>
						<String ID="P2_ST00198" HPOS="926" VPOS="5154" WIDTH="124" HEIGHT="41" CONTENT="there" WC="0.98" CC="05037"/>
						<SP ID="P2_SP00159" HPOS="1050" VPOS="5208" WIDTH="31"/>
						<String ID="P2_ST00199" HPOS="1082" VPOS="5153" WIDTH="35" HEIGHT="39" CONTENT="is" WC="0.44" CC="46"/>
					</TextLine>
					<TextLine ID="P2_TL00040" HPOS="249" VPOS="5213" WIDTH="868" HEIGHT="57">
						<String ID="P2_ST00200" HPOS="249" VPOS="5219" WIDTH="77" HEIGHT="39" CONTENT="the" WC="0.96" CC="460"/>
						<SP ID="P2_SP00160" HPOS="326" VPOS="5258" WIDTH="31"/>
						<String ID="P2_ST00201" HPOS="357" VPOS="5214" WIDTH="298" HEIGHT="55" CONTENT="opportunity" WC="1.00" CC="00000055000"/>
						<SP ID="P2_SP00161" HPOS="655" VPOS="5269" WIDTH="33"/>
						<String ID="P2_ST00202" HPOS="688" VPOS="5214" WIDTH="47" HEIGHT="43" CONTENT="of" WC="0.66" CC="06"/>
						<SP ID="P2_SP00162" HPOS="735" VPOS="5269" WIDTH="30"/>
						<String ID="P2_ST00203" HPOS="765" VPOS="5213" WIDTH="140" HEIGHT="54" CONTENT="going" WC="0.96" CC="70569"/>
						<SP ID="P2_SP00163" HPOS="906" VPOS="5269" WIDTH="31"/>
						<String ID="P2_ST00204" HPOS="937" VPOS="5219" WIDTH="77" HEIGHT="33" CONTENT="out" WC="0.95" CC="750"/>
						<SP ID="P2_SP00164" HPOS="1014" VPOS="5269" WIDTH="36"/>
						<String ID="P2_ST00205" HPOS="1050" VPOS="5213" WIDTH="66" HEIGHT="36" CONTENT="for" WC="0.95" CC="580"/>
					</TextLine>
					<TextLine ID="P2_TL00041" HPOS="247" VPOS="5268" WIDTH="866" HEIGHT="50">
						<String ID="P2_ST00206" HPOS="247" VPOS="5290" WIDTH="87" HEIGHT="25" CONTENT="am-" WC="0.95" CC="084"/>
						<SP ID="P2_SP00165" HPOS="334" VPOS="5315" WIDTH="36"/>
						<String ID="P2_ST00207" HPOS="370" VPOS="5291" WIDTH="83" HEIGHT="27" CONTENT="o-’e" WC="0.21" CC="8886"/>
						<SP ID="P2_SP00166" HPOS="454" VPOS="5318" WIDTH="36"/>
						<String ID="P2_ST00208" HPOS="490" VPOS="5274" WIDTH="44" HEIGHT="39" CONTENT="of" WC="0.57" CC="61"/>
						<SP ID="P2_SP00167" HPOS="534" VPOS="5318" WIDTH="33"/>
						<String ID="P2_ST00209" HPOS="567" VPOS="5274" WIDTH="126" HEIGHT="39" CONTENT="these" WC="0.97" CC="67007"/>
						<SP ID="P2_SP00168" HPOS="693" VPOS="5318" WIDTH="35"/>
						<String ID="P2_ST00210" HPOS="728" VPOS="5268" WIDTH="236" HEIGHT="43" CONTENT="activities." WC="0.99" CC="73008000090"/>
						<SP ID="P2_SP00169" HPOS="964" VPOS="5318" WIDTH="68"/>
						<String ID="P2_ST00211" HPOS="1031" VPOS="5268" WIDTH="82" HEIGHT="39" CONTENT="Get" WC="0.95" CC="606"/>
					</TextLine>
					<TextLine ID="P2_TL00042" HPOS="250" VPOS="5323" WIDTH="867" HEIGHT="51">
						<String ID="P2_ST00212" HPOS="250" VPOS="5331" WIDTH="271" HEIGHT="43" CONTENT="acquainted" WC="0.98" CC="8076857003"/>
						<SP ID="P2_SP00170" HPOS="521" VPOS="5373" WIDTH="31"/>
						<String ID="P2_ST00213" HPOS="553" VPOS="5329" WIDTH="110" HEIGHT="39" CONTENT="with" WC="0.98" CC="5301"/>
						<SP ID="P2_SP00171" HPOS="663" VPOS="5373" WIDTH="36"/>
						<String ID="P2_ST00214" HPOS="699" VPOS="5328" WIDTH="74" HEIGHT="39" CONTENT="the" WC="1.00" CC="000"/>
						<SP ID="P2_SP00172" HPOS="773" VPOS="5373" WIDTH="33"/>
						<String ID="P2_ST00215" HPOS="806" VPOS="5326" WIDTH="191" HEIGHT="39" CONTENT="coaches" WC="0.99" CC="0040506"/>
						<SP ID="P2_SP00173" HPOS="997" VPOS="5373" WIDTH="33"/>
						<String ID="P2_ST00216" HPOS="1030" VPOS="5323" WIDTH="87" HEIGHT="39" CONTENT="and" WC="0.92" CC="875"/>
					</TextLine>
					<TextLine ID="P2_TL00043" HPOS="252" VPOS="5384" WIDTH="786" HEIGHT="52">
						<String ID="P2_ST00217" HPOS="252" VPOS="5391" WIDTH="60" HEIGHT="41" CONTENT="let" WC="0.96" CC="370"/>
						<SP ID="P2_SP00174" HPOS="312" VPOS="5431" WIDTH="27"/>
						<String ID="P2_ST00218" HPOS="339" VPOS="5389" WIDTH="124" HEIGHT="43" CONTENT="them" WC="0.96" CC="0609"/>
						<SP ID="P2_SP00175" HPOS="463" VPOS="5431" WIDTH="28"/>
						<String ID="P2_ST00219" HPOS="491" VPOS="5402" WIDTH="72" HEIGHT="28" CONTENT="see" WC="1.00" CC="000"/>
						<SP ID="P2_SP00176" HPOS="564" VPOS="5431" WIDTH="28"/>
						<String ID="P2_ST00220" HPOS="592" VPOS="5387" WIDTH="123" HEIGHT="41" CONTENT="what" WC="0.98" CC="0712"/>
						<SP ID="P2_SP00177" HPOS="715" VPOS="5431" WIDTH="25"/>
						<String ID="P2_ST00221" HPOS="740" VPOS="5398" WIDTH="88" HEIGHT="38" CONTENT="you" WC="0.99" CC="003"/>
						<SP ID="P2_SP00178" HPOS="828" VPOS="5436" WIDTH="30"/>
						<String ID="P2_ST00222" HPOS="858" VPOS="5398" WIDTH="82" HEIGHT="25" CONTENT="can" WC="0.95" CC="066"/>
						<SP ID="P2_SP00179" HPOS="940" VPOS="5436" WIDTH="30"/>
						<String ID="P2_ST00223" HPOS="970" VPOS="5384" WIDTH="68" HEIGHT="39" CONTENT="do." WC="0.98" CC="320"/>
					</TextLine>
				</TextBlock>
				<TextBlock ID="P2_TB00007" HPOS="250" VPOS="5493" WIDTH="866" HEIGHT="118" language="en" STYLEREFS="TXT_1 PAR_LEFT">
					<TextLine ID="P2_TL00044" HPOS="250" VPOS="5496" WIDTH="866" HEIGHT="49">
						<String ID="P2_ST00224" HPOS="250" VPOS="5501" WIDTH="409" HEIGHT="44" CONTENT="COLLEGIATE" WC="0.99" CC="0375020000"/>
						<SP ID="P2_SP00180" HPOS="660" VPOS="5545" WIDTH="27"/>
						<String ID="P2_ST00225" HPOS="687" VPOS="5496" WIDTH="320" HEIGHT="43" CONTENT="PROMISES" WC="1.00" CC="54000000"/>
						<SP ID="P2_SP00181" HPOS="1006" VPOS="5545" WIDTH="25"/>
						<String ID="P2_ST00226" HPOS="1031" VPOS="5496" WIDTH="85" HEIGHT="41" CONTENT="TO" WC="1.00" CC="00"/>
					</TextLine>
					<TextLine ID="P2_TL00045" HPOS="431" VPOS="5567" WIDTH="510" HEIGHT="44">
						<String ID="P2_ST00227" HPOS="431" VPOS="5567" WIDTH="510" HEIGHT="44" CONTENT="SUB-FRESHMEN." WC="1.00" CC="0030020040002"/>
					</TextLine>
				</TextBlock>
				<TextBlock ID="P2_TB00008" HPOS="250" VPOS="5691" WIDTH="867" HEIGHT="161" language="en" STYLEREFS="TXT_0 PAR_LEFT">
					<TextLine ID="P2_TL00046" HPOS="304" VPOS="5691" WIDTH="810" HEIGHT="54">
						<String ID="P2_ST00228" HPOS="304" VPOS="5696" WIDTH="159" HEIGHT="43" CONTENT="Under" WC="0.99" CC="00700"/>
						<SP ID="P2_SP00182" HPOS="463" VPOS="5739" WIDTH="50"/>
						<String ID="P2_ST00229" HPOS="513" VPOS="5696" WIDTH="76" HEIGHT="41" CONTENT="the" WC="0.98" CC="060"/>
						<SP ID="P2_SP00183" HPOS="589" VPOS="5739" WIDTH="50"/>
						<String ID="P2_ST00230" HPOS="639" VPOS="5691" WIDTH="254" HEIGHT="54" CONTENT="prevailing" WC="0.99" CC="0000060479"/>
						<SP ID="P2_SP00184" HPOS="893" VPOS="5745" WIDTH="52"/>
						<String ID="P2_ST00231" HPOS="945" VPOS="5696" WIDTH="169" HEIGHT="47" CONTENT="system" WC="0.98" CC="070009"/>
					</TextLine>
					<TextLine ID="P2_TL00047" HPOS="250" VPOS="5748" WIDTH="866" HEIGHT="49">
						<String ID="P2_ST00232" HPOS="250" VPOS="5761" WIDTH="183" HEIGHT="36" CONTENT="current" WC="0.99" CC="0600004"/>
						<SP ID="P2_SP00185" HPOS="433" VPOS="5797" WIDTH="38"/>
						<String ID="P2_ST00233" HPOS="471" VPOS="5753" WIDTH="46" HEIGHT="41" CONTENT="in" WC="0.97" CC="00"/>
						<SP ID="P2_SP00186" HPOS="517" VPOS="5797" WIDTH="39"/>
						<String ID="P2_ST00234" HPOS="556" VPOS="5759" WIDTH="120" HEIGHT="35" CONTENT="most" WC="0.98" CC="6310"/>
						<SP ID="P2_SP00187" HPOS="676" VPOS="5797" WIDTH="39"/>
						<String ID="P2_ST00235" HPOS="715" VPOS="5751" WIDTH="47" HEIGHT="39" CONTENT="of" WC="0.77" CC="04"/>
						<SP ID="P2_SP00188" HPOS="762" VPOS="5797" WIDTH="38"/>
						<String ID="P2_ST00236" HPOS="800" VPOS="5762" WIDTH="82" HEIGHT="28" CONTENT="our" WC="0.97" CC="070"/>
						<SP ID="P2_SP00189" HPOS="882" VPOS="5797" WIDTH="39"/>
						<String ID="P2_ST00237" HPOS="921" VPOS="5748" WIDTH="195" HEIGHT="47" CONTENT="colleges" WC="0.99" CC="00306700"/>
					</TextLine>
					<TextLine ID="P2_TL00048" HPOS="252" VPOS="5805" WIDTH="865" HEIGHT="47">
						<String ID="P2_ST00238" HPOS="252" VPOS="5813" WIDTH="85" HEIGHT="39" CONTENT="and" WC="0.95" CC="309"/>
						<SP ID="P2_SP00190" HPOS="337" VPOS="5852" WIDTH="36"/>
						<String ID="P2_ST00239" HPOS="373" VPOS="5808" WIDTH="288" HEIGHT="44" CONTENT="universities" WC="0.99" CC="706900060700"/>
						<SP ID="P2_SP00191" HPOS="661" VPOS="5852" WIDTH="33"/>
						<String ID="P2_ST00240" HPOS="694" VPOS="5806" WIDTH="126" HEIGHT="43" CONTENT="there" WC="1.00" CC="02000"/>
						<SP ID="P2_SP00192" HPOS="820" VPOS="5852" WIDTH="36"/>
						<String ID="P2_ST00241" HPOS="857" VPOS="5805" WIDTH="35" HEIGHT="43" CONTENT="is" WC="0.89" CC="20"/>
						<SP ID="P2_SP00193" HPOS="891" VPOS="5852" WIDTH="35"/>
						<String ID="P2_ST00242" HPOS="926" VPOS="5820" WIDTH="22" HEIGHT="27" CONTENT="a" WC="1.00" CC="0"/>
						<SP ID="P2_SP00194" HPOS="948" VPOS="5852" WIDTH="35"/>
						<String ID="P2_ST00243" HPOS="983" VPOS="5805" WIDTH="134" HEIGHT="47" CONTENT="lively" WC="0.98" CC="600066"/>
					</TextLine>
				</TextBlock>
				<TextBlock ID="P2_TB00009" HPOS="1162" VPOS="750" WIDTH="875" HEIGHT="531" language="en" STYLEREFS="TXT_0 PAR_BLOCK">
					<TextLine ID="P2_TL00049" HPOS="1170" VPOS="750" WIDTH="867" HEIGHT="54">
						<String ID="P2_ST00244" HPOS="1170" VPOS="750" WIDTH="165" HEIGHT="54" CONTENT="rivalry" WC="0.99" CC="0404340"/>
						<SP ID="P2_SP00195" HPOS="1335" VPOS="803" WIDTH="68"/>
						<String ID="P2_ST00245" HPOS="1403" VPOS="750" WIDTH="44" HEIGHT="41" CONTENT="in" WC="0.97" CC="00"/>
						<SP ID="P2_SP00196" HPOS="1447" VPOS="803" WIDTH="66"/>
						<String ID="P2_ST00246" HPOS="1513" VPOS="750" WIDTH="247" HEIGHT="54" CONTENT="procuring" WC="0.99" CC="900010499"/>
						<SP ID="P2_SP00197" HPOS="1761" VPOS="803" WIDTH="63"/>
						<String ID="P2_ST00247" HPOS="1824" VPOS="762" WIDTH="102" HEIGHT="28" CONTENT="men" WC="0.95" CC="607"/>
						<SP ID="P2_SP00198" HPOS="1926" VPOS="803" WIDTH="65"/>
						<String ID="P2_ST00248" HPOS="1991" VPOS="750" WIDTH="46" HEIGHT="39" CONTENT="of" WC="0.67" CC="60"/>
					</TextLine>
					<TextLine ID="P2_TL00050" HPOS="1169" VPOS="817" WIDTH="868" HEIGHT="52">
						<String ID="P2_ST00249" HPOS="1169" VPOS="817" WIDTH="164" HEIGHT="52" CONTENT="“prep”" WC="0.99" CC="800008"/>
						<SP ID="P2_SP00199" HPOS="1332" VPOS="869" WIDTH="36"/>
						<String ID="P2_ST00250" HPOS="1369" VPOS="817" WIDTH="154" HEIGHT="43" CONTENT="school" WC="0.99" CC="004004"/>
						<SP ID="P2_SP00200" HPOS="1523" VPOS="869" WIDTH="35"/>
						<String ID="P2_ST00251" HPOS="1557" VPOS="817" WIDTH="186" HEIGHT="41" CONTENT="athletic" WC="1.00" CC="30000050"/>
						<SP ID="P2_SP00201" HPOS="1743" VPOS="869" WIDTH="35"/>
						<String ID="P2_ST00252" HPOS="1778" VPOS="819" WIDTH="258" HEIGHT="50" CONTENT="reputation" WC="0.99" CC="0001563456"/>
					</TextLine>
					<TextLine ID="P2_TL00051" HPOS="1169" VPOS="887" WIDTH="868" HEIGHT="52">
						<String ID="P2_ST00253" HPOS="1169" VPOS="894" WIDTH="46" HEIGHT="33" CONTENT="to" WC="0.99" CC="00"/>
						<SP ID="P2_SP00202" HPOS="1214" VPOS="928" WIDTH="35"/>
						<String ID="P2_ST00254" HPOS="1249" VPOS="901" WIDTH="128" HEIGHT="28" CONTENT="come" WC="0.99" CC="0050"/>
						<SP ID="P2_SP00203" HPOS="1376" VPOS="929" WIDTH="38"/>
						<String ID="P2_ST00255" HPOS="1414" VPOS="894" WIDTH="46" HEIGHT="35" CONTENT="to" WC="0.79" CC="04"/>
						<SP ID="P2_SP00204" HPOS="1460" VPOS="929" WIDTH="36"/>
						<String ID="P2_ST00256" HPOS="1496" VPOS="887" WIDTH="184" HEIGHT="52" CONTENT="college." WC="0.99" CC="00040852"/>
						<SP ID="P2_SP00205" HPOS="1680" VPOS="939" WIDTH="66"/>
						<String ID="P2_ST00257" HPOS="1746" VPOS="887" WIDTH="181" HEIGHT="52" CONTENT="During" WC="0.97" CC="075269"/>
						<SP ID="P2_SP00206" HPOS="1928" VPOS="939" WIDTH="35"/>
						<String ID="P2_ST00258" HPOS="1962" VPOS="887" WIDTH="74" HEIGHT="41" CONTENT="the" WC="0.95" CC="077"/>
					</TextLine>
					<TextLine ID="P2_TL00052" HPOS="1170" VPOS="956" WIDTH="865" HEIGHT="51">
						<String ID="P2_ST00259" HPOS="1170" VPOS="964" WIDTH="99" HEIGHT="43" CONTENT="past" WC="0.97" CC="3540"/>
						<SP ID="P2_SP00207" HPOS="1269" VPOS="1006" WIDTH="47"/>
						<String ID="P2_ST00260" HPOS="1317" VPOS="956" WIDTH="85" HEIGHT="41" CONTENT="few" WC="0.94" CC="409"/>
						<SP ID="P2_SP00208" HPOS="1402" VPOS="1006" WIDTH="43"/>
						<String ID="P2_ST00261" HPOS="1444" VPOS="970" WIDTH="131" HEIGHT="36" CONTENT="years" WC="0.99" CC="35000"/>
						<SP ID="P2_SP00209" HPOS="1575" VPOS="1006" WIDTH="47"/>
						<String ID="P2_ST00262" HPOS="1622" VPOS="956" WIDTH="165" HEIGHT="41" CONTENT="Brown" WC="0.97" CC="03607"/>
						<SP ID="P2_SP00210" HPOS="1787" VPOS="1006" WIDTH="44"/>
						<String ID="P2_ST00263" HPOS="1831" VPOS="956" WIDTH="80" HEIGHT="41" CONTENT="has" WC="0.92" CC="759"/>
						<SP ID="P2_SP00211" HPOS="1912" VPOS="1006" WIDTH="46"/>
						<String ID="P2_ST00264" HPOS="1957" VPOS="962" WIDTH="77" HEIGHT="33" CONTENT="not" WC="0.93" CC="296"/>
					</TextLine>
					<TextLine ID="P2_TL00053" HPOS="1164" VPOS="1024" WIDTH="871" HEIGHT="52">
						<String ID="P2_ST00265" HPOS="1164" VPOS="1024" WIDTH="115" HEIGHT="43" CONTENT="been" WC="0.97" CC="8004"/>
						<SP ID="P2_SP00212" HPOS="1279" VPOS="1066" WIDTH="41"/>
						<String ID="P2_ST00266" HPOS="1320" VPOS="1024" WIDTH="189" HEIGHT="52" CONTENT="lagging" WC="0.98" CC="0099027"/>
						<SP ID="P2_SP00213" HPOS="1509" VPOS="1076" WIDTH="41"/>
						<String ID="P2_ST00267" HPOS="1550" VPOS="1024" WIDTH="44" HEIGHT="41" CONTENT="in" WC="0.93" CC="10"/>
						<SP ID="P2_SP00214" HPOS="1594" VPOS="1076" WIDTH="41"/>
						<String ID="P2_ST00268" HPOS="1635" VPOS="1025" WIDTH="90" HEIGHT="41" CONTENT="this" WC="0.99" CC="0050"/>
						<SP ID="P2_SP00215" HPOS="1724" VPOS="1076" WIDTH="39"/>
						<String ID="P2_ST00269" HPOS="1764" VPOS="1024" WIDTH="244" HEIGHT="43" CONTENT="sub-Fresh" SUBS_TYPE="HypPart1" SUBS_CONTENT="sub-Freshman" WC="0.72" CC="008201707"/>
						<HYP HPOS="2008" VPOS="1024" WIDTH="27" CONTENT="-"/>
					</TextLine>
					<TextLine ID="P2_TL00054" HPOS="1167" VPOS="1093" WIDTH="866" HEIGHT="52">
						<String ID="P2_ST00270" HPOS="1167" VPOS="1107" WIDTH="102" HEIGHT="28" CONTENT="man" SUBS_TYPE="HypPart2" SUBS_CONTENT="sub-Freshman" WC="0.81" CC="005"/>
						<SP ID="P2_SP00216" HPOS="1269" VPOS="1135" WIDTH="31"/>
						<String ID="P2_ST00271" HPOS="1301" VPOS="1093" WIDTH="243" HEIGHT="52" CONTENT="campaign" WC="0.99" CC="06100206"/>
						<SP ID="P2_SP00217" HPOS="1543" VPOS="1145" WIDTH="30"/>
						<String ID="P2_ST00272" HPOS="1573" VPOS="1094" WIDTH="87" HEIGHT="39" CONTENT="and" WC="0.96" CC="550"/>
						<SP ID="P2_SP00218" HPOS="1660" VPOS="1145" WIDTH="33"/>
						<String ID="P2_ST00273" HPOS="1693" VPOS="1093" WIDTH="77" HEIGHT="39" CONTENT="her" WC="0.98" CC="005"/>
						<SP ID="P2_SP00219" HPOS="1770" VPOS="1145" WIDTH="35"/>
						<String ID="P2_ST00274" HPOS="1805" VPOS="1106" WIDTH="203" HEIGHT="39" CONTENT="represen" SUBS_TYPE="HypPart1" SUBS_CONTENT="representatives" WC="0.99" CC="00930008"/>
						<HYP HPOS="2008" VPOS="1106" WIDTH="25" CONTENT="-"/>
					</TextLine>
					<TextLine ID="P2_TL00055" HPOS="1167" VPOS="1159" WIDTH="865" HEIGHT="50">
						<String ID="P2_ST00275" HPOS="1167" VPOS="1161" WIDTH="165" HEIGHT="38" CONTENT="tatives" SUBS_TYPE="HypPart2" SUBS_CONTENT="representatives" WC="0.99" CC="0940200"/>
						<SP ID="P2_SP00220" HPOS="1332" VPOS="1198" WIDTH="35"/>
						<String ID="P2_ST00276" HPOS="1367" VPOS="1161" WIDTH="113" HEIGHT="38" CONTENT="have" WC="1.00" CC="0100"/>
						<SP ID="P2_SP00221" HPOS="1480" VPOS="1198" WIDTH="38"/>
						<String ID="P2_ST00277" HPOS="1518" VPOS="1161" WIDTH="110" HEIGHT="38" CONTENT="been" WC="0.99" CC="0007"/>
						<SP ID="P2_SP00222" HPOS="1628" VPOS="1198" WIDTH="36"/>
						<String ID="P2_ST00278" HPOS="1665" VPOS="1173" WIDTH="106" HEIGHT="36" CONTENT="very" WC="0.98" CC="0007"/>
						<SP ID="P2_SP00223" HPOS="1770" VPOS="1209" WIDTH="35"/>
						<String ID="P2_ST00279" HPOS="1805" VPOS="1159" WIDTH="148" HEIGHT="39" CONTENT="active" WC="0.99" CC="003060"/>
						<SP ID="P2_SP00224" HPOS="1953" VPOS="1209" WIDTH="36"/>
						<String ID="P2_ST00280" HPOS="1989" VPOS="1159" WIDTH="43" HEIGHT="38" CONTENT="in" WC="0.56" CC="16"/>
					</TextLine>
					<TextLine ID="P2_TL00056" HPOS="1162" VPOS="1230" WIDTH="703" HEIGHT="51">
						<String ID="P2_ST00281" HPOS="1162" VPOS="1230" WIDTH="214" HEIGHT="50" CONTENT="scouting" WC="0.99" CC="00070039"/>
						<SP ID="P2_SP00225" HPOS="1376" VPOS="1280" WIDTH="28"/>
						<String ID="P2_ST00282" HPOS="1405" VPOS="1243" WIDTH="65" HEIGHT="38" CONTENT="up." WC="0.96" CC="604"/>
						<SP ID="P2_SP00226" HPOS="1469" VPOS="1280" WIDTH="25"/>
						<String ID="P2_ST00283" HPOS="1494" VPOS="1231" WIDTH="120" HEIGHT="49" CONTENT="good" WC="0.98" CC="9000"/>
						<SP ID="P2_SP00227" HPOS="1614" VPOS="1280" WIDTH="31"/>
						<String ID="P2_ST00284" HPOS="1646" VPOS="1230" WIDTH="219" HEIGHT="39" CONTENT="material." WC="0.99" CC="010032250"/>
					</TextLine>
				</TextBlock>
				<TextBlock ID="P2_TB00010" HPOS="1156" VPOS="1296" WIDTH="876" HEIGHT="1918" language="en" STYLEREFS="TXT_0 PAR_BLOCK">
					<TextLine ID="P2_TL00057" HPOS="1219" VPOS="1296" WIDTH="809" HEIGHT="44">
						<String ID="P2_ST00285" HPOS="1219" VPOS="1296" WIDTH="279" HEIGHT="44" CONTENT="Oftentimes" WC="0.99" CC="0505604000"/>
						<SP ID="P2_SP00228" HPOS="1498" VPOS="1340" WIDTH="54"/>
						<String ID="P2_ST00286" HPOS="1551" VPOS="1298" WIDTH="124" HEIGHT="39" CONTENT="these" WC="0.98" CC="05506"/>
						<SP ID="P2_SP00229" HPOS="1676" VPOS="1340" WIDTH="38"/>
						<String ID="P2_ST00287" HPOS="1713" VPOS="1298" WIDTH="194" HEIGHT="39" CONTENT="athletes" WC="1.00" CC="00000009"/>
						<SP ID="P2_SP00230" HPOS="1907" VPOS="1340" WIDTH="49"/>
						<String ID="P2_ST00288" HPOS="1956" VPOS="1310" WIDTH="72" HEIGHT="28" CONTENT="art" WC="0.96" CC="056"/>
					</TextLine>
					<TextLine ID="P2_TL00058" HPOS="1161" VPOS="1365" WIDTH="869" HEIGHT="51">
						<String ID="P2_ST00289" HPOS="1161" VPOS="1367" WIDTH="241" HEIGHT="49" CONTENT="presented" WC="1.00" CC="000004000"/>
						<SP ID="P2_SP00231" HPOS="1402" VPOS="1416" WIDTH="33"/>
						<String ID="P2_ST00290" HPOS="1435" VPOS="1365" WIDTH="110" HEIGHT="39" CONTENT="with" WC="0.98" CC="0503"/>
						<SP ID="P2_SP00232" HPOS="1545" VPOS="1416" WIDTH="60"/>
						<String ID="P2_ST00291" HPOS="1605" VPOS="1380" WIDTH="22" HEIGHT="25" CONTENT="a" WC="1.00" CC="9"/>
						<SP ID="P2_SP00233" HPOS="1627" VPOS="1416" WIDTH="31"/>
						<String ID="P2_ST00292" HPOS="1658" VPOS="1365" WIDTH="222" HEIGHT="41" CONTENT="beautiful" WC="0.99" CC="000705284"/>
						<SP ID="P2_SP00234" HPOS="1880" VPOS="1416" WIDTH="60"/>
						<String ID="P2_ST00293" HPOS="1940" VPOS="1365" WIDTH="68" HEIGHT="50" CONTENT="pic" SUBS_TYPE="HypPart1" SUBS_CONTENT="picture" WC="0.97" CC="705"/>
						<HYP HPOS="2008" VPOS="1365" WIDTH="22" CONTENT="-"/>
					</TextLine>
					<TextLine ID="P2_TL00059" HPOS="1162" VPOS="1433" WIDTH="868" HEIGHT="52">
						<String ID="P2_ST00294" HPOS="1162" VPOS="1441" WIDTH="98" HEIGHT="35" CONTENT="ture" SUBS_TYPE="HypPart2" SUBS_CONTENT="picture" WC="1.00" CC="0000"/>
						<SP ID="P2_SP00235" HPOS="1260" VPOS="1476" WIDTH="30"/>
						<String ID="P2_ST00295" HPOS="1290" VPOS="1435" WIDTH="46" HEIGHT="41" CONTENT="of" WC="0.67" CC="06"/>
						<SP ID="P2_SP00236" HPOS="1335" VPOS="1476" WIDTH="28"/>
						<String ID="P2_ST00296" HPOS="1364" VPOS="1433" WIDTH="123" HEIGHT="43" CONTENT="what" WC="0.98" CC="7200"/>
						<SP ID="P2_SP00237" HPOS="1487" VPOS="1476" WIDTH="30"/>
						<String ID="P2_ST00297" HPOS="1517" VPOS="1433" WIDTH="74" HEIGHT="43" CONTENT="the" WC="0.98" CC="050"/>
						<SP ID="P2_SP00238" HPOS="1591" VPOS="1476" WIDTH="31"/>
						<String ID="P2_ST00298" HPOS="1622" VPOS="1433" WIDTH="172" HEIGHT="52" CONTENT="college" WC="0.99" CC="0032090"/>
						<SP ID="P2_SP00239" HPOS="1794" VPOS="1485" WIDTH="30"/>
						<String ID="P2_ST00299" HPOS="1824" VPOS="1435" WIDTH="36" HEIGHT="41" CONTENT="is" WC="0.90" CC="01"/>
						<SP ID="P2_SP00240" HPOS="1860" VPOS="1485" WIDTH="30"/>
						<String ID="P2_ST00300" HPOS="1890" VPOS="1433" WIDTH="140" HEIGHT="52" CONTENT="going" WC="0.96" CC="60488"/>
					</TextLine>
					<TextLine ID="P2_TL00060" HPOS="1162" VPOS="1502" WIDTH="863" HEIGHT="52">
						<String ID="P2_ST00301" HPOS="1162" VPOS="1510" WIDTH="46" HEIGHT="35" CONTENT="to" WC="1.00" CC="00"/>
						<SP ID="P2_SP00241" HPOS="1208" VPOS="1545" WIDTH="35"/>
						<String ID="P2_ST00302" HPOS="1243" VPOS="1502" WIDTH="104" HEIGHT="52" CONTENT="give" WC="0.97" CC="9400"/>
						<SP ID="P2_SP00242" HPOS="1346" VPOS="1554" WIDTH="35"/>
						<String ID="P2_ST00303" HPOS="1381" VPOS="1502" WIDTH="124" HEIGHT="43" CONTENT="them" WC="0.99" CC="2001"/>
						<SP ID="P2_SP00243" HPOS="1506" VPOS="1554" WIDTH="36"/>
						<String ID="P2_ST00304" HPOS="1542" VPOS="1518" WIDTH="49" HEIGHT="27" CONTENT="or" WC="1.00" CC="00"/>
						<SP ID="P2_SP00244" HPOS="1591" VPOS="1554" WIDTH="36"/>
						<String ID="P2_ST00305" HPOS="1627" VPOS="1504" WIDTH="57" HEIGHT="41" CONTENT="do" WC="1.00" CC="00"/>
						<SP ID="P2_SP00245" HPOS="1683" VPOS="1554" WIDTH="38"/>
						<String ID="P2_ST00306" HPOS="1721" VPOS="1504" WIDTH="68" HEIGHT="41" CONTENT="for" WC="0.97" CC="404"/>
						<SP ID="P2_SP00246" HPOS="1789" VPOS="1554" WIDTH="35"/>
						<String ID="P2_ST00307" HPOS="1824" VPOS="1504" WIDTH="123" HEIGHT="41" CONTENT="them" WC="0.97" CC="5602"/>
						<SP ID="P2_SP00247" HPOS="1946" VPOS="1554" WIDTH="39"/>
						<String ID="P2_ST00308" HPOS="1986" VPOS="1504" WIDTH="39" HEIGHT="38" CONTENT="in" WC="0.32" CC="58"/>
					</TextLine>
					<TextLine ID="P2_TL00061" HPOS="1162" VPOS="1572" WIDTH="868" HEIGHT="43">
						<String ID="P2_ST00309" HPOS="1162" VPOS="1580" WIDTH="153" HEIGHT="33" CONTENT="return" WC="0.98" CC="000807"/>
						<SP ID="P2_SP00248" HPOS="1315" VPOS="1613" WIDTH="33"/>
						<String ID="P2_ST00310" HPOS="1348" VPOS="1572" WIDTH="66" HEIGHT="43" CONTENT="for" WC="0.95" CC="390"/>
						<SP ID="P2_SP00249" HPOS="1414" VPOS="1614" WIDTH="28"/>
						<String ID="P2_ST00311" HPOS="1443" VPOS="1572" WIDTH="117" HEIGHT="41" CONTENT="their" WC="0.98" CC="07305"/>
						<SP ID="P2_SP00250" HPOS="1559" VPOS="1614" WIDTH="28"/>
						<String ID="P2_ST00312" HPOS="1587" VPOS="1572" WIDTH="195" HEIGHT="43" CONTENT="services" WC="0.99" CC="34000400"/>
						<SP ID="P2_SP00251" HPOS="1783" VPOS="1614" WIDTH="31"/>
						<String ID="P2_ST00313" HPOS="1814" VPOS="1587" WIDTH="47" HEIGHT="27" CONTENT="as" WC="0.11" CC="79"/>
						<SP ID="P2_SP00252" HPOS="1861" VPOS="1614" WIDTH="30"/>
						<String ID="P2_ST00314" HPOS="1891" VPOS="1586" WIDTH="104" HEIGHT="25" CONTENT="mem" SUBS_TYPE="HypPart1" SUBS_CONTENT="members" WC="0.97" CC="780"/>
						<HYP HPOS="1995" VPOS="1586" WIDTH="35" CONTENT="-"/>
					</TextLine>
					<TextLine ID="P2_TL00062" HPOS="1162" VPOS="1628" WIDTH="866" HEIGHT="43">
						<String ID="P2_ST00315" HPOS="1162" VPOS="1630" WIDTH="101" HEIGHT="39" CONTENT="bers" SUBS_TYPE="HypPart2" SUBS_CONTENT="members" WC="0.98" CC="8000"/>
						<SP ID="P2_SP00253" HPOS="1263" VPOS="1669" WIDTH="33"/>
						<String ID="P2_ST00316" HPOS="1296" VPOS="1628" WIDTH="49" HEIGHT="43" CONTENT="of" WC="0.74" CC="05"/>
						<SP ID="P2_SP00254" HPOS="1345" VPOS="1671" WIDTH="28"/>
						<String ID="P2_ST00317" HPOS="1373" VPOS="1630" WIDTH="76" HEIGHT="39" CONTENT="the" WC="1.00" CC="100"/>
						<SP ID="P2_SP00255" HPOS="1449" VPOS="1671" WIDTH="35"/>
						<String ID="P2_ST00318" HPOS="1483" VPOS="1630" WIDTH="183" HEIGHT="41" CONTENT="various" WC="1.00" CC="0000060"/>
						<SP ID="P2_SP00256" HPOS="1666" VPOS="1671" WIDTH="33"/>
						<String ID="P2_ST00319" HPOS="1699" VPOS="1636" WIDTH="156" HEIGHT="33" CONTENT="teams." WC="1.00" CC="000040"/>
						<SP ID="P2_SP00257" HPOS="1855" VPOS="1671" WIDTH="63"/>
						<String ID="P2_ST00320" HPOS="1918" VPOS="1630" WIDTH="41" HEIGHT="41" CONTENT="It" WC="0.40" CC="74"/>
						<SP ID="P2_SP00258" HPOS="1959" VPOS="1671" WIDTH="36"/>
						<String ID="P2_ST00321" HPOS="1995" VPOS="1630" WIDTH="33" HEIGHT="39" CONTENT="is" WC="0.68" CC="06"/>
					</TextLine>
					<TextLine ID="P2_TL00063" HPOS="1162" VPOS="1685" WIDTH="869" HEIGHT="52">
						<String ID="P2_ST00322" HPOS="1162" VPOS="1685" WIDTH="192" HEIGHT="52" CONTENT="nothing" WC="0.97" CC="6516479"/>
						<SP ID="P2_SP00259" HPOS="1354" VPOS="1737" WIDTH="25"/>
						<String ID="P2_ST00323" HPOS="1380" VPOS="1701" WIDTH="272" HEIGHT="28" CONTENT="uncommon" WC="0.98" CC="78600906"/>
						<SP ID="P2_SP00260" HPOS="1652" VPOS="1737" WIDTH="25"/>
						<String ID="P2_ST00324" HPOS="1677" VPOS="1694" WIDTH="46" HEIGHT="33" CONTENT="to" WC="0.61" CC="15"/>
						<SP ID="P2_SP00261" HPOS="1723" VPOS="1737" WIDTH="24"/>
						<String ID="P2_ST00325" HPOS="1746" VPOS="1687" WIDTH="106" HEIGHT="41" CONTENT="hear" WC="0.96" CC="7560"/>
						<SP ID="P2_SP00262" HPOS="1852" VPOS="1737" WIDTH="24"/>
						<String ID="P2_ST00326" HPOS="1876" VPOS="1701" WIDTH="83" HEIGHT="27" CONTENT="one" WC="0.95" CC="085"/>
						<SP ID="P2_SP00263" HPOS="1959" VPOS="1737" WIDTH="25"/>
						<String ID="P2_ST00327" HPOS="1984" VPOS="1685" WIDTH="47" HEIGHT="41" CONTENT="of" WC="0.37" CC="92"/>
					</TextLine>
					<TextLine ID="P2_TL00064" HPOS="1162" VPOS="1745" WIDTH="866" HEIGHT="50">
						<String ID="P2_ST00328" HPOS="1162" VPOS="1745" WIDTH="126" HEIGHT="39" CONTENT="these" WC="1.00" CC="00000"/>
						<SP ID="P2_SP00264" HPOS="1288" VPOS="1784" WIDTH="33"/>
						<String ID="P2_ST00329" HPOS="1321" VPOS="1745" WIDTH="139" HEIGHT="50" CONTENT="chaps" WC="0.99" CC="05000"/>
						<SP ID="P2_SP00265" HPOS="1460" VPOS="1795" WIDTH="35"/>
						<String ID="P2_ST00330" HPOS="1494" VPOS="1757" WIDTH="80" HEIGHT="38" CONTENT="say" WC="0.99" CC="100"/>
						<SP ID="P2_SP00266" HPOS="1575" VPOS="1795" WIDTH="33"/>
						<String ID="P2_ST00331" HPOS="1608" VPOS="1745" WIDTH="55" HEIGHT="39" CONTENT="he" WC="0.82" CC="30"/>
						<SP ID="P2_SP00267" HPOS="1663" VPOS="1795" WIDTH="31"/>
						<String ID="P2_ST00332" HPOS="1694" VPOS="1757" WIDTH="93" HEIGHT="27" CONTENT="was" WC="0.99" CC="200"/>
						<SP ID="P2_SP00268" HPOS="1787" VPOS="1795" WIDTH="36"/>
						<String ID="P2_ST00333" HPOS="1824" VPOS="1745" WIDTH="94" HEIGHT="39" CONTENT="told" WC="0.99" CC="0060"/>
						<SP ID="P2_SP00269" HPOS="1918" VPOS="1795" WIDTH="33"/>
						<String ID="P2_ST00334" HPOS="1951" VPOS="1751" WIDTH="77" HEIGHT="33" CONTENT="not" WC="0.94" CC="806"/>
					</TextLine>
					<TextLine ID="P2_TL00065" HPOS="1162" VPOS="1798" WIDTH="868" HEIGHT="52">
						<String ID="P2_ST00335" HPOS="1162" VPOS="1806" WIDTH="46" HEIGHT="33" CONTENT="to" WC="0.34" CC="39"/>
						<SP ID="P2_SP00270" HPOS="1208" VPOS="1839" WIDTH="36"/>
						<String ID="P2_ST00336" HPOS="1244" VPOS="1814" WIDTH="150" HEIGHT="36" CONTENT="worry" WC="0.98" CC="76000"/>
						<SP ID="P2_SP00271" HPOS="1394" VPOS="1850" WIDTH="35"/>
						<String ID="P2_ST00337" HPOS="1428" VPOS="1798" WIDTH="139" HEIGHT="41" CONTENT="about" WC="0.97" CC="67123"/>
						<SP ID="P2_SP00272" HPOS="1567" VPOS="1850" WIDTH="35"/>
						<String ID="P2_ST00338" HPOS="1602" VPOS="1800" WIDTH="68" HEIGHT="39" CONTENT="his" WC="0.97" CC="600"/>
						<SP ID="P2_SP00273" HPOS="1669" VPOS="1850" WIDTH="35"/>
						<String ID="P2_ST00339" HPOS="1704" VPOS="1798" WIDTH="211" HEIGHT="44" CONTENT="finances," WC="0.99" CC="116670060"/>
						<SP ID="P2_SP00274" HPOS="1915" VPOS="1850" WIDTH="36"/>
						<String ID="P2_ST00340" HPOS="1951" VPOS="1805" WIDTH="79" HEIGHT="33" CONTENT="not" WC="0.94" CC="824"/>
					</TextLine>
					<TextLine ID="P2_TL00066" HPOS="1162" VPOS="1857" WIDTH="868" HEIGHT="50">
						<String ID="P2_ST00341" HPOS="1162" VPOS="1863" WIDTH="46" HEIGHT="31" CONTENT="to" WC="0.20" CC="68"/>
						<SP ID="P2_SP00275" HPOS="1208" VPOS="1894" WIDTH="60"/>
						<String ID="P2_ST00342" HPOS="1268" VPOS="1871" WIDTH="148" HEIGHT="36" CONTENT="worry" WC="0.98" CC="70120"/>
						<SP ID="P2_SP00276" HPOS="1416" VPOS="1907" WIDTH="60"/>
						<String ID="P2_ST00343" HPOS="1476" VPOS="1857" WIDTH="139" HEIGHT="38" CONTENT="about" WC="0.99" CC="05010"/>
						<SP ID="P2_SP00277" HPOS="1614" VPOS="1907" WIDTH="60"/>
						<String ID="P2_ST00344" HPOS="1674" VPOS="1857" WIDTH="69" HEIGHT="38" CONTENT="his" WC="1.00" CC="000"/>
						<SP ID="P2_SP00278" HPOS="1743" VPOS="1907" WIDTH="58"/>
						<String ID="P2_ST00345" HPOS="1802" VPOS="1857" WIDTH="228" HEIGHT="38" CONTENT="academic" WC="0.98" CC="50900950"/>
					</TextLine>
					<TextLine ID="P2_TL00067" HPOS="1162" VPOS="1913" WIDTH="867" HEIGHT="52">
						<String ID="P2_ST00346" HPOS="1162" VPOS="1913" WIDTH="225" HEIGHT="52" CONTENT="standing." WC="0.99" CC="305800700"/>
						<SP ID="P2_SP00279" HPOS="1387" VPOS="1965" WIDTH="71"/>
						<String ID="P2_ST00347" HPOS="1458" VPOS="1913" WIDTH="60" HEIGHT="43" CONTENT="So" WC="1.00" CC="00"/>
						<SP ID="P2_SP00280" HPOS="1518" VPOS="1965" WIDTH="38"/>
						<String ID="P2_ST00348" HPOS="1556" VPOS="1915" WIDTH="123" HEIGHT="39" CONTENT="often" WC="0.98" CC="04008"/>
						<SP ID="P2_SP00281" HPOS="1679" VPOS="1965" WIDTH="41"/>
						<String ID="P2_ST00349" HPOS="1720" VPOS="1917" WIDTH="58" HEIGHT="39" CONTENT="do" WC="0.32" CC="66"/>
						<SP ID="P2_SP00282" HPOS="1778" VPOS="1965" WIDTH="39"/>
						<String ID="P2_ST00350" HPOS="1817" VPOS="1929" WIDTH="65" HEIGHT="28" CONTENT="we" WC="0.69" CC="50"/>
						<SP ID="P2_SP00283" HPOS="1882" VPOS="1965" WIDTH="41"/>
						<String ID="P2_ST00351" HPOS="1923" VPOS="1915" WIDTH="106" HEIGHT="38" CONTENT="hear" WC="0.94" CC="7796"/>
					</TextLine>
					<TextLine ID="P2_TL00068" HPOS="1162" VPOS="1970" WIDTH="868" HEIGHT="54">
						<String ID="P2_ST00352" HPOS="1162" VPOS="1972" WIDTH="88" HEIGHT="43" CONTENT="this" WC="0.98" CC="0550"/>
						<SP ID="P2_SP00284" HPOS="1250" VPOS="2014" WIDTH="30"/>
						<String ID="P2_ST00353" HPOS="1280" VPOS="1980" WIDTH="124" HEIGHT="44" CONTENT="story" WC="1.00" CC="00030"/>
						<SP ID="P2_SP00285" HPOS="1405" VPOS="2024" WIDTH="31"/>
						<String ID="P2_ST00354" HPOS="1436" VPOS="1970" WIDTH="98" HEIGHT="44" CONTENT="that" WC="0.99" CC="1500"/>
						<SP ID="P2_SP00286" HPOS="1534" VPOS="2024" WIDTH="28"/>
						<String ID="P2_ST00355" HPOS="1562" VPOS="1987" WIDTH="66" HEIGHT="27" CONTENT="we" WC="0.98" CC="00"/>
						<SP ID="P2_SP00287" HPOS="1628" VPOS="2024" WIDTH="28"/>
						<String ID="P2_ST00356" HPOS="1657" VPOS="1986" WIDTH="72" HEIGHT="28" CONTENT="arc" WC="1.00" CC="000"/>
						<SP ID="P2_SP00288" HPOS="1729" VPOS="2024" WIDTH="31"/>
						<String ID="P2_ST00357" HPOS="1761" VPOS="1972" WIDTH="192" HEIGHT="41" CONTENT="inclined" WC="0.98" CC="37020871"/>
						<SP ID="P2_SP00289" HPOS="1953" VPOS="2024" WIDTH="31"/>
						<String ID="P2_ST00358" HPOS="1984" VPOS="1981" WIDTH="46" HEIGHT="30" CONTENT="to" WC="0.47" CC="09"/>
					</TextLine>
					<TextLine ID="P2_TL00069" HPOS="1162" VPOS="2030" WIDTH="866" HEIGHT="52">
						<String ID="P2_ST00359" HPOS="1162" VPOS="2030" WIDTH="172" HEIGHT="41" CONTENT="believe" WC="0.99" CC="0033300"/>
						<SP ID="P2_SP00290" HPOS="1334" VPOS="2071" WIDTH="36"/>
						<String ID="P2_ST00360" HPOS="1370" VPOS="2031" WIDTH="98" HEIGHT="39" CONTENT="that" WC="0.99" CC="0600"/>
						<SP ID="P2_SP00291" HPOS="1468" VPOS="2071" WIDTH="35"/>
						<String ID="P2_ST00361" HPOS="1502" VPOS="2046" WIDTH="124" HEIGHT="27" CONTENT="some" WC="0.98" CC="0107"/>
						<SP ID="P2_SP00292" HPOS="1627" VPOS="2072" WIDTH="36"/>
						<String ID="P2_ST00362" HPOS="1663" VPOS="2031" WIDTH="109" HEIGHT="39" CONTENT="such" WC="0.94" CC="5767"/>
						<SP ID="P2_SP00293" HPOS="1772" VPOS="2072" WIDTH="38"/>
						<String ID="P2_ST00363" HPOS="1809" VPOS="2031" WIDTH="219" HEIGHT="50" CONTENT="promises" WC="0.98" CC="09906937"/>
					</TextLine>
					<TextLine ID="P2_TL00070" HPOS="1164" VPOS="2087" WIDTH="866" HEIGHT="49">
						<String ID="P2_ST00364" HPOS="1164" VPOS="2102" WIDTH="46" HEIGHT="25" CONTENT=";&lt;s" WC="0.31" CC="766"/>
						<SP ID="P2_SP00294" HPOS="1209" VPOS="2128" WIDTH="39"/>
						<String ID="P2_ST00365" HPOS="1249" VPOS="2087" WIDTH="123" HEIGHT="41" CONTENT="these" WC="0.96" CC="07656"/>
						<SP ID="P2_SP00295" HPOS="1372" VPOS="2128" WIDTH="38"/>
						<String ID="P2_ST00366" HPOS="1409" VPOS="2101" WIDTH="72" HEIGHT="27" CONTENT="are" WC="0.98" CC="600"/>
						<SP ID="P2_SP00296" HPOS="1482" VPOS="2128" WIDTH="36"/>
						<String ID="P2_ST00367" HPOS="1518" VPOS="2088" WIDTH="142" HEIGHT="39" CONTENT="made." WC="0.99" CC="60040"/>
						<SP ID="P2_SP00297" HPOS="1660" VPOS="2128" WIDTH="68"/>
						<String ID="P2_ST00368" HPOS="1728" VPOS="2087" WIDTH="41" HEIGHT="41" CONTENT="If" WC="0.71" CC="50"/>
						<SP ID="P2_SP00298" HPOS="1769" VPOS="2128" WIDTH="36"/>
						<String ID="P2_ST00369" HPOS="1805" VPOS="2101" WIDTH="61" HEIGHT="35" CONTENT="so," WC="0.95" CC="670"/>
						<SP ID="P2_SP00299" HPOS="1866" VPOS="2135" WIDTH="39"/>
						<String ID="P2_ST00370" HPOS="1906" VPOS="2088" WIDTH="124" HEIGHT="39" CONTENT="there" WC="0.96" CC="47177"/>
					</TextLine>
					<TextLine ID="P2_TL00071" HPOS="1162" VPOS="2145" WIDTH="870" HEIGHT="52">
						<String ID="P2_ST00371" HPOS="1162" VPOS="2145" WIDTH="35" HEIGHT="41" CONTENT="is" WC="0.77" CC="40"/>
						<SP ID="P2_SP00300" HPOS="1197" VPOS="2186" WIDTH="39"/>
						<String ID="P2_ST00372" HPOS="1236" VPOS="2161" WIDTH="83" HEIGHT="27" CONTENT="one" WC="0.96" CC="180"/>
						<SP ID="P2_SP00301" HPOS="1320" VPOS="2187" WIDTH="39"/>
						<String ID="P2_ST00373" HPOS="1359" VPOS="2145" WIDTH="132" HEIGHT="52" CONTENT="thing" WC="0.98" CC="02509"/>
						<SP ID="P2_SP00302" HPOS="1491" VPOS="2197" WIDTH="36"/>
						<String ID="P2_ST00374" HPOS="1528" VPOS="2161" WIDTH="65" HEIGHT="30" CONTENT="we" WC="1.00" CC="00"/>
						<SP ID="P2_SP00303" HPOS="1592" VPOS="2197" WIDTH="41"/>
						<String ID="P2_ST00375" HPOS="1633" VPOS="2161" WIDTH="80" HEIGHT="25" CONTENT="can" WC="0.94" CC="527"/>
						<SP ID="P2_SP00304" HPOS="1713" VPOS="2197" WIDTH="39"/>
						<String ID="P2_ST00376" HPOS="1753" VPOS="2146" WIDTH="52" HEIGHT="39" CONTENT="be" WC="0.64" CC="70"/>
						<SP ID="P2_SP00305" HPOS="1805" VPOS="2197" WIDTH="39"/>
						<String ID="P2_ST00377" HPOS="1844" VPOS="2161" WIDTH="101" HEIGHT="25" CONTENT="sure" WC="0.95" CC="4818"/>
						<SP ID="P2_SP00306" HPOS="1945" VPOS="2197" WIDTH="41"/>
						<String ID="P2_ST00378" HPOS="1986" VPOS="2145" WIDTH="46" HEIGHT="38" CONTENT="of" WC="0.50" CC="90"/>
					</TextLine>
					<TextLine ID="P2_TL00072" HPOS="1167" VPOS="2200" WIDTH="865" HEIGHT="50">
						<String ID="P2_ST00379" HPOS="1167" VPOS="2202" WIDTH="85" HEIGHT="38" CONTENT="and" WC="0.97" CC="630"/>
						<SP ID="P2_SP00307" HPOS="1252" VPOS="2239" WIDTH="33"/>
						<String ID="P2_ST00380" HPOS="1285" VPOS="2202" WIDTH="98" HEIGHT="38" CONTENT="that" WC="0.97" CC="0760"/>
						<SP ID="P2_SP00308" HPOS="1383" VPOS="2239" WIDTH="31"/>
						<String ID="P2_ST00381" HPOS="1414" VPOS="2200" WIDTH="36" HEIGHT="39" CONTENT="is" WC="0.20" CC="59"/>
						<SP ID="P2_SP00309" HPOS="1450" VPOS="2239" WIDTH="33"/>
						<String ID="P2_ST00382" HPOS="1483" VPOS="2202" WIDTH="96" HEIGHT="38" CONTENT="that" WC="0.97" CC="0093"/>
						<SP ID="P2_SP00310" HPOS="1580" VPOS="2239" WIDTH="33"/>
						<String ID="P2_ST00383" HPOS="1613" VPOS="2202" WIDTH="124" HEIGHT="38" CONTENT="these" WC="0.99" CC="22003"/>
						<SP ID="P2_SP00311" HPOS="1737" VPOS="2239" WIDTH="33"/>
						<String ID="P2_ST00384" HPOS="1770" VPOS="2214" WIDTH="109" HEIGHT="36" CONTENT="very" WC="0.99" CC="0030"/>
						<SP ID="P2_SP00312" HPOS="1879" VPOS="2250" WIDTH="33"/>
						<String ID="P2_ST00385" HPOS="1912" VPOS="2214" WIDTH="120" HEIGHT="25" CONTENT="same" WC="0.99" CC="6000"/>
					</TextLine>
					<TextLine ID="P2_TL00073" HPOS="1162" VPOS="2258" WIDTH="866" HEIGHT="52">
						<String ID="P2_ST00386" HPOS="1162" VPOS="2258" WIDTH="220" HEIGHT="52" CONTENT="promises" WC="0.97" CC="98894575"/>
						<SP ID="P2_SP00313" HPOS="1383" VPOS="2310" WIDTH="24"/>
						<String ID="P2_ST00387" HPOS="1406" VPOS="2274" WIDTH="72" HEIGHT="27" CONTENT="are" WC="0.95" CC="740"/>
						<SP ID="P2_SP00314" HPOS="1479" VPOS="2310" WIDTH="25"/>
						<String ID="P2_ST00388" HPOS="1504" VPOS="2266" WIDTH="77" HEIGHT="33" CONTENT="not" WC="0.94" CC="870"/>
						<SP ID="P2_SP00315" HPOS="1581" VPOS="2310" WIDTH="24"/>
						<String ID="P2_ST00389" HPOS="1605" VPOS="2260" WIDTH="106" HEIGHT="47" CONTENT="kept" WC="0.96" CC="0664"/>
						<SP ID="P2_SP00316" HPOS="1710" VPOS="2310" WIDTH="25"/>
						<String ID="P2_ST00390" HPOS="1735" VPOS="2261" WIDTH="57" HEIGHT="49" CONTENT="by" WC="0.29" CC="85"/>
						<SP ID="P2_SP00317" HPOS="1792" VPOS="2310" WIDTH="25"/>
						<String ID="P2_ST00391" HPOS="1817" VPOS="2258" WIDTH="74" HEIGHT="41" CONTENT="the" WC="0.94" CC="464"/>
						<SP ID="P2_SP00318" HPOS="1891" VPOS="2310" WIDTH="24"/>
						<String ID="P2_ST00392" HPOS="1915" VPOS="2258" WIDTH="91" HEIGHT="41" CONTENT="vari" SUBS_TYPE="HypPart1" SUBS_CONTENT="various" WC="0.98" CC="0904"/>
						<HYP HPOS="2006" VPOS="2258" WIDTH="22" CONTENT="-"/>
					</TextLine>
					<TextLine ID="P2_TL00074" HPOS="1164" VPOS="2317" WIDTH="868" HEIGHT="50">
						<String ID="P2_ST00393" HPOS="1164" VPOS="2331" WIDTH="80" HEIGHT="27" CONTENT="ous" SUBS_TYPE="HypPart2" SUBS_CONTENT="various" WC="0.95" CC="706"/>
						<SP ID="P2_SP00319" HPOS="1244" VPOS="2357" WIDTH="33"/>
						<String ID="P2_ST00394" HPOS="1277" VPOS="2317" WIDTH="302" HEIGHT="39" CONTENT="universities." WC="0.99" CC="9600090302050"/>
						<SP ID="P2_SP00320" HPOS="1580" VPOS="2357" WIDTH="60"/>
						<String ID="P2_ST00395" HPOS="1639" VPOS="2317" WIDTH="96" HEIGHT="39" CONTENT="Too" WC="0.93" CC="468"/>
						<SP ID="P2_SP00321" HPOS="1735" VPOS="2357" WIDTH="33"/>
						<String ID="P2_ST00396" HPOS="1769" VPOS="2331" WIDTH="132" HEIGHT="36" CONTENT="many" WC="0.95" CC="0489"/>
						<SP ID="P2_SP00322" HPOS="1901" VPOS="2367" WIDTH="35"/>
						<String ID="P2_ST00397" HPOS="1935" VPOS="2317" WIDTH="72" HEIGHT="39" CONTENT="ath" SUBS_TYPE="HypPart1" SUBS_CONTENT="athletes" WC="0.97" CC="607"/>
						<HYP HPOS="2008" VPOS="2317" WIDTH="24" CONTENT="-"/>
					</TextLine>
					<TextLine ID="P2_TL00075" HPOS="1162" VPOS="2373" WIDTH="867" HEIGHT="51">
						<String ID="P2_ST00398" HPOS="1162" VPOS="2373" WIDTH="110" HEIGHT="43" CONTENT="letes" SUBS_TYPE="HypPart2" SUBS_CONTENT="athletes" WC="0.97" CC="66005"/>
						<SP ID="P2_SP00323" HPOS="1272" VPOS="2416" WIDTH="33"/>
						<String ID="P2_ST00399" HPOS="1306" VPOS="2375" WIDTH="109" HEIGHT="49" CONTENT="drop" WC="0.99" CC="0005"/>
						<SP ID="P2_SP00324" HPOS="1414" VPOS="2424" WIDTH="35"/>
						<String ID="P2_ST00400" HPOS="1449" VPOS="2381" WIDTH="79" HEIGHT="33" CONTENT="out" WC="0.95" CC="084"/>
						<SP ID="P2_SP00325" HPOS="1528" VPOS="2424" WIDTH="30"/>
						<String ID="P2_ST00401" HPOS="1557" VPOS="2373" WIDTH="47" HEIGHT="43" CONTENT="of" WC="0.54" CC="63"/>
						<SP ID="P2_SP00326" HPOS="1605" VPOS="2424" WIDTH="31"/>
						<String ID="P2_ST00402" HPOS="1636" VPOS="2373" WIDTH="169" HEIGHT="50" CONTENT="college" WC="0.97" CC="6203797"/>
						<SP ID="P2_SP00327" HPOS="1805" VPOS="2424" WIDTH="33"/>
						<String ID="P2_ST00403" HPOS="1838" VPOS="2376" WIDTH="191" HEIGHT="38" CONTENT="because" WC="0.97" CC="7566768"/>
					</TextLine>
					<TextLine ID="P2_TL00076" HPOS="1161" VPOS="2431" WIDTH="868" HEIGHT="42">
						<String ID="P2_ST00404" HPOS="1161" VPOS="2431" WIDTH="44" HEIGHT="38" CONTENT="of" WC="0.50" CC="36"/>
						<SP ID="P2_SP00328" HPOS="1205" VPOS="2469" WIDTH="35"/>
						<String ID="P2_ST00405" HPOS="1239" VPOS="2431" WIDTH="96" HEIGHT="39" CONTENT="lack" WC="0.97" CC="0743"/>
						<SP ID="P2_SP00329" HPOS="1335" VPOS="2471" WIDTH="61"/>
						<String ID="P2_ST00406" HPOS="1397" VPOS="2431" WIDTH="47" HEIGHT="39" CONTENT="of" WC="0.74" CC="50"/>
						<SP ID="P2_SP00330" HPOS="1444" VPOS="2471" WIDTH="33"/>
						<String ID="P2_ST00407" HPOS="1477" VPOS="2431" WIDTH="135" HEIGHT="41" CONTENT="funds" WC="0.97" CC="37860"/>
						<SP ID="P2_SP00331" HPOS="1613" VPOS="2472" WIDTH="35"/>
						<String ID="P2_ST00408" HPOS="1647" VPOS="2446" WIDTH="47" HEIGHT="27" CONTENT="or" WC="0.62" CC="07"/>
						<SP ID="P2_SP00332" HPOS="1694" VPOS="2472" WIDTH="63"/>
						<String ID="P2_ST00409" HPOS="1757" VPOS="2431" WIDTH="191" HEIGHT="41" CONTENT="because" WC="0.97" CC="7605866"/>
						<SP ID="P2_SP00333" HPOS="1948" VPOS="2472" WIDTH="35"/>
						<String ID="P2_ST00410" HPOS="1983" VPOS="2431" WIDTH="46" HEIGHT="38" CONTENT="of" WC="0.41" CC="91"/>
					</TextLine>
					<TextLine ID="P2_TL00077" HPOS="1161" VPOS="2487" WIDTH="865" HEIGHT="55">
						<String ID="P2_ST00411" HPOS="1161" VPOS="2490" WIDTH="113" HEIGHT="38" CONTENT="their" WC="0.98" CC="04750"/>
						<SP ID="P2_SP00334" HPOS="1274" VPOS="2528" WIDTH="41"/>
						<String ID="P2_ST00412" HPOS="1315" VPOS="2488" WIDTH="214" HEIGHT="54" CONTENT="standing" WC="0.98" CC="50480067"/>
						<SP ID="P2_SP00335" HPOS="1529" VPOS="2542" WIDTH="38"/>
						<String ID="P2_ST00413" HPOS="1567" VPOS="2498" WIDTH="46" HEIGHT="31" CONTENT="to" WC="0.66" CC="06"/>
						<SP ID="P2_SP00336" HPOS="1613" VPOS="2542" WIDTH="39"/>
						<String ID="P2_ST00414" HPOS="1652" VPOS="2490" WIDTH="128" HEIGHT="43" CONTENT="make" WC="0.95" CC="5674"/>
						<SP ID="P2_SP00337" HPOS="1780" VPOS="2542" WIDTH="43"/>
						<String ID="P2_ST00415" HPOS="1822" VPOS="2504" WIDTH="52" HEIGHT="25" CONTENT="us" WC="0.23" CC="86"/>
						<SP ID="P2_SP00338" HPOS="1874" VPOS="2542" WIDTH="38"/>
						<String ID="P2_ST00416" HPOS="1912" VPOS="2487" WIDTH="113" HEIGHT="43" CONTENT="have" WC="0.95" CC="7950"/>
					</TextLine>
					<TextLine ID="P2_TL00078" HPOS="1157" VPOS="2546" WIDTH="867" HEIGHT="51">
						<String ID="P2_ST00417" HPOS="1157" VPOS="2562" WIDTH="85" HEIGHT="35" CONTENT="any" WC="0.92" CC="777"/>
						<SP ID="P2_SP00339" HPOS="1243" VPOS="2597" WIDTH="31"/>
						<String ID="P2_ST00418" HPOS="1274" VPOS="2546" WIDTH="112" HEIGHT="41" CONTENT="faith" WC="0.97" CC="64606"/>
						<SP ID="P2_SP00340" HPOS="1386" VPOS="2597" WIDTH="31"/>
						<String ID="P2_ST00419" HPOS="1417" VPOS="2548" WIDTH="39" HEIGHT="38" CONTENT="in" WC="0.54" CC="08"/>
						<SP ID="P2_SP00341" HPOS="1457" VPOS="2597" WIDTH="35"/>
						<String ID="P2_ST00420" HPOS="1491" VPOS="2546" WIDTH="124" HEIGHT="41" CONTENT="these" WC="0.97" CC="06760"/>
						<SP ID="P2_SP00342" HPOS="1616" VPOS="2597" WIDTH="31"/>
						<String ID="P2_ST00421" HPOS="1647" VPOS="2548" WIDTH="233" HEIGHT="49" CONTENT="promises." WC="0.98" CC="499007760"/>
						<SP ID="P2_SP00343" HPOS="1880" VPOS="2597" WIDTH="58"/>
						<String ID="P2_ST00422" HPOS="1939" VPOS="2546" WIDTH="85" HEIGHT="39" CONTENT="We" WC="0.38" CC="47"/>
					</TextLine>
					<TextLine ID="P2_TL00079" HPOS="1157" VPOS="2603" WIDTH="865" HEIGHT="51">
						<String ID="P2_ST00423" HPOS="1157" VPOS="2603" WIDTH="106" HEIGHT="41" CONTENT="hear" WC="0.95" CC="6167"/>
						<SP ID="P2_SP00344" HPOS="1263" VPOS="2644" WIDTH="39"/>
						<String ID="P2_ST00424" HPOS="1302" VPOS="2603" WIDTH="120" HEIGHT="41" CONTENT="what" WC="0.96" CC="6750"/>
						<SP ID="P2_SP00345" HPOS="1422" VPOS="2644" WIDTH="36"/>
						<String ID="P2_ST00425" HPOS="1458" VPOS="2603" WIDTH="72" HEIGHT="44" CONTENT="the" WC="0.97" CC="052"/>
						<SP ID="P2_SP00346" HPOS="1531" VPOS="2647" WIDTH="39"/>
						<String ID="P2_ST00426" HPOS="1570" VPOS="2603" WIDTH="220" HEIGHT="50" CONTENT="promises" WC="0.97" CC="92740959"/>
						<SP ID="P2_SP00347" HPOS="1791" VPOS="2654" WIDTH="36"/>
						<String ID="P2_ST00427" HPOS="1827" VPOS="2617" WIDTH="74" HEIGHT="27" CONTENT="are" WC="0.96" CC="307"/>
						<SP ID="P2_SP00348" HPOS="1901" VPOS="2654" WIDTH="36"/>
						<String ID="P2_ST00428" HPOS="1937" VPOS="2605" WIDTH="85" HEIGHT="38" CONTENT="and" WC="0.97" CC="700"/>
					</TextLine>
					<TextLine ID="P2_TL00080" HPOS="1159" VPOS="2661" WIDTH="863" HEIGHT="41">
						<String ID="P2_ST00429" HPOS="1159" VPOS="2676" WIDTH="63" HEIGHT="25" CONTENT="we" WC="0.22" CC="78"/>
						<SP ID="P2_SP00349" HPOS="1222" VPOS="2701" WIDTH="38"/>
						<String ID="P2_ST00430" HPOS="1260" VPOS="2676" WIDTH="72" HEIGHT="25" CONTENT="see" WC="0.99" CC="001"/>
						<SP ID="P2_SP00350" HPOS="1332" VPOS="2701" WIDTH="39"/>
						<String ID="P2_ST00431" HPOS="1372" VPOS="2663" WIDTH="74" HEIGHT="39" CONTENT="the" WC="0.96" CC="064"/>
						<SP ID="P2_SP00351" HPOS="1446" VPOS="2702" WIDTH="38"/>
						<String ID="P2_ST00432" HPOS="1483" VPOS="2661" WIDTH="178" HEIGHT="39" CONTENT="results." WC="0.99" CC="60085000"/>
						<SP ID="P2_SP00352" HPOS="1661" VPOS="2702" WIDTH="68"/>
						<String ID="P2_ST00433" HPOS="1729" VPOS="2661" WIDTH="85" HEIGHT="39" CONTENT="We" WC="1.00" CC="00"/>
						<SP ID="P2_SP00353" HPOS="1814" VPOS="2702" WIDTH="38"/>
						<String ID="P2_ST00434" HPOS="1852" VPOS="2661" WIDTH="170" HEIGHT="39" CONTENT="believe" WC="0.98" CC="6066180"/>
					</TextLine>
					<TextLine ID="P2_TL00081" HPOS="1157" VPOS="2718" WIDTH="865" HEIGHT="52">
						<String ID="P2_ST00435" HPOS="1157" VPOS="2718" WIDTH="96" HEIGHT="41" CONTENT="that" WC="0.96" CC="2690"/>
						<SP ID="P2_SP00354" HPOS="1254" VPOS="2759" WIDTH="24"/>
						<String ID="P2_ST00436" HPOS="1277" VPOS="2734" WIDTH="47" HEIGHT="25" CONTENT="as" WC="0.52" CC="44"/>
						<SP ID="P2_SP00355" HPOS="1324" VPOS="2759" WIDTH="25"/>
						<String ID="P2_ST00437" HPOS="1350" VPOS="2720" WIDTH="107" HEIGHT="49" CONTENT="long" WC="0.96" CC="5019"/>
						<SP ID="P2_SP00356" HPOS="1457" VPOS="2769" WIDTH="25"/>
						<String ID="P2_ST00438" HPOS="1482" VPOS="2734" WIDTH="46" HEIGHT="25" CONTENT="as" WC="0.50" CC="90"/>
						<SP ID="P2_SP00357" HPOS="1528" VPOS="2769" WIDTH="25"/>
						<String ID="P2_ST00439" HPOS="1553" VPOS="2718" WIDTH="126" HEIGHT="43" CONTENT="these" WC="0.98" CC="07500"/>
						<SP ID="P2_SP00358" HPOS="1679" VPOS="2769" WIDTH="25"/>
						<String ID="P2_ST00440" HPOS="1704" VPOS="2718" WIDTH="222" HEIGHT="52" CONTENT="promises" WC="0.99" CC="63406060"/>
						<SP ID="P2_SP00359" HPOS="1926" VPOS="2770" WIDTH="24"/>
						<String ID="P2_ST00441" HPOS="1950" VPOS="2732" WIDTH="72" HEIGHT="27" CONTENT="are" WC="0.95" CC="534"/>
					</TextLine>
					<TextLine ID="P2_TL00082" HPOS="1156" VPOS="2775" WIDTH="868" HEIGHT="52">
						<String ID="P2_ST00442" HPOS="1156" VPOS="2778" WIDTH="128" HEIGHT="44" CONTENT="made" WC="1.00" CC="0002"/>
						<SP ID="P2_SP00360" HPOS="1283" VPOS="2822" WIDTH="25"/>
						<String ID="P2_ST00443" HPOS="1309" VPOS="2775" WIDTH="96" HEIGHT="52" CONTENT="just" WC="0.97" CC="4800"/>
						<SP ID="P2_SP00361" HPOS="1405" VPOS="2827" WIDTH="27"/>
						<String ID="P2_ST00444" HPOS="1431" VPOS="2791" WIDTH="49" HEIGHT="25" CONTENT="so" WC="0.56" CC="08"/>
						<SP ID="P2_SP00362" HPOS="1480" VPOS="2827" WIDTH="25"/>
						<String ID="P2_ST00445" HPOS="1506" VPOS="2776" WIDTH="107" HEIGHT="50" CONTENT="long" WC="0.97" CC="1059"/>
						<SP ID="P2_SP00363" HPOS="1613" VPOS="2827" WIDTH="25"/>
						<String ID="P2_ST00446" HPOS="1638" VPOS="2776" WIDTH="161" HEIGHT="41" CONTENT="should" WC="0.98" CC="060453"/>
						<SP ID="P2_SP00364" HPOS="1798" VPOS="2827" WIDTH="28"/>
						<String ID="P2_ST00447" HPOS="1827" VPOS="2776" WIDTH="74" HEIGHT="41" CONTENT="the" WC="0.98" CC="060"/>
						<SP ID="P2_SP00365" HPOS="1901" VPOS="2827" WIDTH="28"/>
						<String ID="P2_ST00448" HPOS="1929" VPOS="2776" WIDTH="71" HEIGHT="38" CONTENT="uni" SUBS_TYPE="HypPart1" SUBS_CONTENT="universities" WC="0.95" CC="785"/>
						<HYP HPOS="2000" VPOS="2776" WIDTH="24" CONTENT="-"/>
					</TextLine>
					<TextLine ID="P2_TL00083" HPOS="1159" VPOS="2831" WIDTH="861" HEIGHT="45">
						<String ID="P2_ST00449" HPOS="1159" VPOS="2831" WIDTH="205" HEIGHT="44" CONTENT="versities" SUBS_TYPE="HypPart2" SUBS_CONTENT="universities" WC="0.99" CC="900060500"/>
						<SP ID="P2_SP00366" HPOS="1364" VPOS="2876" WIDTH="33"/>
						<String ID="P2_ST00450" HPOS="1397" VPOS="2833" WIDTH="104" HEIGHT="41" CONTENT="who" WC="0.95" CC="904"/>
						<SP ID="P2_SP00367" HPOS="1501" VPOS="2876" WIDTH="35"/>
						<String ID="P2_ST00451" HPOS="1535" VPOS="2833" WIDTH="128" HEIGHT="39" CONTENT="make" WC="0.98" CC="0900"/>
						<SP ID="P2_SP00368" HPOS="1663" VPOS="2876" WIDTH="35"/>
						<String ID="P2_ST00452" HPOS="1698" VPOS="2833" WIDTH="120" HEIGHT="41" CONTENT="them" WC="0.97" CC="0509"/>
						<SP ID="P2_SP00369" HPOS="1817" VPOS="2876" WIDTH="38"/>
						<String ID="P2_ST00453" HPOS="1855" VPOS="2833" WIDTH="165" HEIGHT="39" CONTENT="remain" WC="0.98" CC="005708"/>
					</TextLine>
					<TextLine ID="P2_TL00084" HPOS="1157" VPOS="2890" WIDTH="865" HEIGHT="43">
						<String ID="P2_ST00454" HPOS="1157" VPOS="2898" WIDTH="98" HEIGHT="31" CONTENT="true" WC="0.96" CC="0970"/>
						<SP ID="P2_SP00370" HPOS="1255" VPOS="2929" WIDTH="27"/>
						<String ID="P2_ST00455" HPOS="1282" VPOS="2899" WIDTH="46" HEIGHT="31" CONTENT="to" WC="0.68" CC="06"/>
						<SP ID="P2_SP00371" HPOS="1328" VPOS="2931" WIDTH="27"/>
						<String ID="P2_ST00456" HPOS="1354" VPOS="2890" WIDTH="113" HEIGHT="39" CONTENT="their" WC="0.98" CC="06600"/>
						<SP ID="P2_SP00372" HPOS="1468" VPOS="2931" WIDTH="27"/>
						<String ID="P2_ST00457" HPOS="1494" VPOS="2890" WIDTH="137" HEIGHT="39" CONTENT="word." WC="0.99" CC="04500"/>
						<SP ID="P2_SP00373" HPOS="1631" VPOS="2931" WIDTH="60"/>
						<String ID="P2_ST00458" HPOS="1691" VPOS="2890" WIDTH="239" HEIGHT="43" CONTENT="However," WC="0.99" CC="86040080"/>
						<SP ID="P2_SP00374" HPOS="1931" VPOS="2932" WIDTH="28"/>
						<String ID="P2_ST00459" HPOS="1959" VPOS="2904" WIDTH="63" HEIGHT="24" CONTENT="we" WC="0.13" CC="97"/>
					</TextLine>
					<TextLine ID="P2_TL00085" HPOS="1157" VPOS="2946" WIDTH="865" HEIGHT="51">
						<String ID="P2_ST00460" HPOS="1157" VPOS="2962" WIDTH="74" HEIGHT="25" CONTENT="are" WC="0.91" CC="787"/>
						<SP ID="P2_SP00375" HPOS="1231" VPOS="2987" WIDTH="30"/>
						<String ID="P2_ST00461" HPOS="1261" VPOS="2948" WIDTH="94" HEIGHT="39" CONTENT="also" WC="0.96" CC="5506"/>
						<SP ID="P2_SP00376" HPOS="1356" VPOS="2987" WIDTH="31"/>
						<String ID="P2_ST00462" HPOS="1387" VPOS="2953" WIDTH="157" HEIGHT="44" CONTENT="strong" WC="0.97" CC="700679"/>
						<SP ID="P2_SP00377" HPOS="1545" VPOS="2997" WIDTH="33"/>
						<String ID="P2_ST00463" HPOS="1578" VPOS="2948" WIDTH="41" HEIGHT="38" CONTENT="in" WC="0.33" CC="57"/>
						<SP ID="P2_SP00378" HPOS="1619" VPOS="2997" WIDTH="30"/>
						<String ID="P2_ST00464" HPOS="1649" VPOS="2962" WIDTH="83" HEIGHT="25" CONTENT="our" WC="0.92" CC="687"/>
						<SP ID="P2_SP00379" HPOS="1732" VPOS="2997" WIDTH="31"/>
						<String ID="P2_ST00465" HPOS="1764" VPOS="2946" WIDTH="134" HEIGHT="41" CONTENT="belief" WC="0.98" CC="772141"/>
						<SP ID="P2_SP00380" HPOS="1898" VPOS="2997" WIDTH="30"/>
						<String ID="P2_ST00466" HPOS="1928" VPOS="2946" WIDTH="94" HEIGHT="41" CONTENT="that" WC="0.97" CC="0750"/>
					</TextLine>
					<TextLine ID="P2_TL00086" HPOS="1159" VPOS="3005" WIDTH="863" HEIGHT="51">
						<String ID="P2_ST00467" HPOS="1159" VPOS="3005" WIDTH="106" HEIGHT="39" CONTENT="such" WC="0.93" CC="9777"/>
						<SP ID="P2_SP00381" HPOS="1265" VPOS="3044" WIDTH="30"/>
						<String ID="P2_ST00468" HPOS="1294" VPOS="3020" WIDTH="22" HEIGHT="24" CONTENT="a" WC="0.13" CC="8"/>
						<SP ID="P2_SP00382" HPOS="1317" VPOS="3044" WIDTH="28"/>
						<String ID="P2_ST00469" HPOS="1345" VPOS="3013" WIDTH="167" HEIGHT="43" CONTENT="system" WC="0.97" CC="589075"/>
						<SP ID="P2_SP00383" HPOS="1512" VPOS="3055" WIDTH="31"/>
						<String ID="P2_ST00470" HPOS="1543" VPOS="3005" WIDTH="44" HEIGHT="41" CONTENT="of" WC="0.80" CC="40"/>
						<SP ID="P2_SP00384" HPOS="1587" VPOS="3055" WIDTH="27"/>
						<String ID="P2_ST00471" HPOS="1614" VPOS="3005" WIDTH="220" HEIGHT="50" CONTENT="promises" WC="0.98" CC="94631316"/>
						<SP ID="P2_SP00385" HPOS="1835" VPOS="3055" WIDTH="27"/>
						<String ID="P2_ST00472" HPOS="1861" VPOS="3005" WIDTH="161" HEIGHT="43" CONTENT="should" WC="0.97" CC="074949"/>
					</TextLine>
					<TextLine ID="P2_TL00087" HPOS="1157" VPOS="3061" WIDTH="867" HEIGHT="51">
						<String ID="P2_ST00473" HPOS="1157" VPOS="3063" WIDTH="52" HEIGHT="44" CONTENT="be" WC="0.64" CC="70"/>
						<SP ID="P2_SP00386" HPOS="1209" VPOS="3107" WIDTH="33"/>
						<String ID="P2_ST00474" HPOS="1243" VPOS="3061" WIDTH="246" HEIGHT="41" CONTENT="abolished." WC="0.99" CC="7665000090"/>
						<SP ID="P2_SP00387" HPOS="1488" VPOS="3107" WIDTH="63"/>
						<String ID="P2_ST00475" HPOS="1551" VPOS="3063" WIDTH="49" HEIGHT="38" CONTENT="In" WC="0.32" CC="76"/>
						<SP ID="P2_SP00388" HPOS="1600" VPOS="3107" WIDTH="33"/>
						<String ID="P2_ST00476" HPOS="1633" VPOS="3076" WIDTH="58" HEIGHT="27" CONTENT="no" WC="0.30" CC="76"/>
						<SP ID="P2_SP00389" HPOS="1691" VPOS="3107" WIDTH="30"/>
						<String ID="P2_ST00477" HPOS="1721" VPOS="3076" WIDTH="101" HEIGHT="36" CONTENT="way" WC="0.94" CC="574"/>
						<SP ID="P2_SP00390" HPOS="1822" VPOS="3112" WIDTH="31"/>
						<String ID="P2_ST00478" HPOS="1854" VPOS="3063" WIDTH="107" HEIGHT="38" CONTENT="does" WC="0.97" CC="0626"/>
						<SP ID="P2_SP00391" HPOS="1961" VPOS="3112" WIDTH="33"/>
						<String ID="P2_ST00479" HPOS="1994" VPOS="3061" WIDTH="30" HEIGHT="39" CONTENT="it" WC="0.97" CC="00"/>
					</TextLine>
					<TextLine ID="P2_TL00088" HPOS="1161" VPOS="3118" WIDTH="863" HEIGHT="51">
						<String ID="P2_ST00480" HPOS="1161" VPOS="3118" WIDTH="202" HEIGHT="41" CONTENT="conform" WC="0.97" CC="4975765"/>
						<SP ID="P2_SP00392" HPOS="1362" VPOS="3159" WIDTH="52"/>
						<String ID="P2_ST00481" HPOS="1414" VPOS="3118" WIDTH="102" HEIGHT="39" CONTENT="with" WC="0.97" CC="5207"/>
						<SP ID="P2_SP00393" HPOS="1517" VPOS="3159" WIDTH="49"/>
						<String ID="P2_ST00482" HPOS="1565" VPOS="3120" WIDTH="74" HEIGHT="39" CONTENT="the" WC="0.98" CC="050"/>
						<SP ID="P2_SP00394" HPOS="1639" VPOS="3159" WIDTH="46"/>
						<String ID="P2_ST00483" HPOS="1685" VPOS="3118" WIDTH="129" HEIGHT="50" CONTENT="spirit" WC="0.98" CC="305061"/>
						<SP ID="P2_SP00395" HPOS="1814" VPOS="3169" WIDTH="44"/>
						<String ID="P2_ST00484" HPOS="1858" VPOS="3118" WIDTH="47" HEIGHT="41" CONTENT="of" WC="0.41" CC="56"/>
						<SP ID="P2_SP00396" HPOS="1906" VPOS="3169" WIDTH="44"/>
						<String ID="P2_ST00485" HPOS="1950" VPOS="3118" WIDTH="74" HEIGHT="39" CONTENT="the" WC="0.94" CC="565"/>
					</TextLine>
					<TextLine ID="P2_TL00089" HPOS="1159" VPOS="3175" WIDTH="758" HEIGHT="39">
						<String ID="P2_ST00486" HPOS="1159" VPOS="3175" WIDTH="235" HEIGHT="39" CONTENT="twentieth" WC="0.98" CC="170830747"/>
						<SP ID="P2_SP00397" HPOS="1394" VPOS="3214" WIDTH="35"/>
						<String ID="P2_ST00487" HPOS="1428" VPOS="3183" WIDTH="189" HEIGHT="31" CONTENT="century" WC="0.98" CC="0074707"/>
						<SP ID="P2_SP00398" HPOS="1617" VPOS="3214" WIDTH="35"/>
						<String ID="P2_ST00488" HPOS="1652" VPOS="3175" WIDTH="265" HEIGHT="39" CONTENT="university." WC="0.98" CC="76750066084"/>
					</TextLine>
				</TextBlock>
				<TextBlock ID="P2_TB00011" HPOS="1312" VPOS="304" WIDTH="631" HEIGHT="37" language="en" STYLEREFS="TXT_2 PAR_LEFT">
					<TextLine ID="P2_TL00090" HPOS="1312" VPOS="304" WIDTH="587" HEIGHT="37">
						<String ID="P2_ST00489" HPOS="1312" VPOS="306" WIDTH="302" HEIGHT="35" CONTENT="UNIVERSITY" WC="0.98" CC="8646770264"/>
						<SP ID="P2_SP00399" HPOS="1614" VPOS="340" WIDTH="27"/>
						<String ID="P2_ST00490" HPOS="1641" VPOS="304" WIDTH="258" HEIGHT="36" CONTENT="BULLETIN." WC="0.98" CC="047745460"/>
					</TextLine>
				</TextBlock>
				<TextBlock ID="P2_TB00012" HPOS="1170" VPOS="397" WIDTH="870" HEIGHT="274" language="en" STYLEREFS="TXT_3 PAR_BLOCK">
					<TextLine ID="P2_TL00091" HPOS="1222" VPOS="397" WIDTH="816" HEIGHT="43">
						<String ID="P2_ST00491" HPOS="1222" VPOS="400" WIDTH="167" HEIGHT="39" CONTENT="(Notices" WC="0.99" CC="16503800"/>
						<SP ID="P2_SP00400" HPOS="1389" VPOS="439" WIDTH="39"/>
						<String ID="P2_ST00492" HPOS="1428" VPOS="403" WIDTH="39" HEIGHT="28" CONTENT="to" WC="0.70" CC="05"/>
						<SP ID="P2_SP00401" HPOS="1468" VPOS="439" WIDTH="38"/>
						<String ID="P2_ST00493" HPOS="1506" VPOS="400" WIDTH="61" HEIGHT="31" CONTENT="the" WC="0.95" CC="560"/>
						<SP ID="P2_SP00402" HPOS="1567" VPOS="439" WIDTH="38"/>
						<String ID="P2_ST00494" HPOS="1605" VPOS="398" WIDTH="139" HEIGHT="33" CONTENT="Herald" WC="0.98" CC="006376"/>
						<SP ID="P2_SP00403" HPOS="1743" VPOS="439" WIDTH="38"/>
						<String ID="P2_ST00495" HPOS="1781" VPOS="400" WIDTH="102" HEIGHT="31" CONTENT="must" WC="0.98" CC="3140"/>
						<SP ID="P2_SP00404" HPOS="1883" VPOS="439" WIDTH="36"/>
						<String ID="P2_ST00496" HPOS="1920" VPOS="397" WIDTH="44" HEIGHT="33" CONTENT="be" WC="0.67" CC="60"/>
						<SP ID="P2_SP00405" HPOS="1964" VPOS="439" WIDTH="39"/>
						<String ID="P2_ST00497" HPOS="2003" VPOS="398" WIDTH="35" HEIGHT="30" CONTENT="in" WC="0.46" CC="28"/>
					</TextLine>
					<TextLine ID="P2_TL00092" HPOS="1170" VPOS="444" WIDTH="868" HEIGHT="46">
						<String ID="P2_ST00498" HPOS="1170" VPOS="447" WIDTH="63" HEIGHT="31" CONTENT="the" WC="0.93" CC="872"/>
						<SP ID="P2_SP00406" HPOS="1233" VPOS="479" WIDTH="28"/>
						<String ID="P2_ST00499" HPOS="1261" VPOS="447" WIDTH="117" HEIGHT="31" CONTENT="hands" WC="0.97" CC="56107"/>
						<SP ID="P2_SP00407" HPOS="1378" VPOS="479" WIDTH="28"/>
						<String ID="P2_ST00500" HPOS="1406" VPOS="447" WIDTH="39" HEIGHT="31" CONTENT="of" WC="0.76" CC="04"/>
						<SP ID="P2_SP00408" HPOS="1446" VPOS="479" WIDTH="27"/>
						<String ID="P2_ST00501" HPOS="1472" VPOS="447" WIDTH="63" HEIGHT="31" CONTENT="the" WC="1.00" CC="000"/>
						<SP ID="P2_SP00409" HPOS="1535" VPOS="479" WIDTH="28"/>
						<String ID="P2_ST00502" HPOS="1564" VPOS="446" WIDTH="203" HEIGHT="44" CONTENT="Managing" WC="0.99" CC="00691340"/>
						<SP ID="P2_SP00410" HPOS="1767" VPOS="490" WIDTH="27"/>
						<String ID="P2_ST00503" HPOS="1794" VPOS="446" WIDTH="121" HEIGHT="31" CONTENT="Board" WC="0.98" CC="54050"/>
						<SP ID="P2_SP00411" HPOS="1915" VPOS="490" WIDTH="27"/>
						<String ID="P2_ST00504" HPOS="1942" VPOS="446" WIDTH="49" HEIGHT="41" CONTENT="by" WC="0.35" CC="57"/>
						<SP ID="P2_SP00412" HPOS="1991" VPOS="490" WIDTH="30"/>
						<String ID="P2_ST00505" HPOS="2020" VPOS="444" WIDTH="17" HEIGHT="31" CONTENT="7" WC="0.24" CC="7"/>
					</TextLine>
					<TextLine ID="P2_TL00093" HPOS="1172" VPOS="493" WIDTH="866" HEIGHT="43">
						<String ID="P2_ST00506" HPOS="1172" VPOS="493" WIDTH="38" HEIGHT="33" CONTENT="P." WC="0.58" CC="80"/>
						<SP ID="P2_SP00413" HPOS="1209" VPOS="526" WIDTH="28"/>
						<String ID="P2_ST00507" HPOS="1238" VPOS="493" WIDTH="47" HEIGHT="33" CONTENT="M." WC="0.88" CC="20"/>
						<SP ID="P2_SP00414" HPOS="1285" VPOS="526" WIDTH="28"/>
						<String ID="P2_ST00508" HPOS="1313" VPOS="502" WIDTH="46" HEIGHT="24" CONTENT="on" WC="0.61" CC="25"/>
						<SP ID="P2_SP00415" HPOS="1359" VPOS="526" WIDTH="27"/>
						<String ID="P2_ST00509" HPOS="1386" VPOS="493" WIDTH="63" HEIGHT="31" CONTENT="the" WC="0.95" CC="643"/>
						<SP ID="P2_SP00416" HPOS="1449" VPOS="526" WIDTH="28"/>
						<String ID="P2_ST00510" HPOS="1477" VPOS="493" WIDTH="72" HEIGHT="43" CONTENT="day" WC="0.96" CC="009"/>
						<SP ID="P2_SP00417" HPOS="1550" VPOS="535" WIDTH="28"/>
						<String ID="P2_ST00511" HPOS="1578" VPOS="493" WIDTH="194" HEIGHT="43" CONTENT="preceding" WC="0.99" CC="550400265"/>
						<SP ID="P2_SP00418" HPOS="1772" VPOS="535" WIDTH="25"/>
						<String ID="P2_ST00512" HPOS="1797" VPOS="493" WIDTH="241" HEIGHT="43" CONTENT="publication." WC="0.99" CC="946244290640"/>
					</TextLine>
					<TextLine ID="P2_TL00094" HPOS="1172" VPOS="537" WIDTH="868" HEIGHT="45">
						<String ID="P2_ST00513" HPOS="1172" VPOS="540" WIDTH="33" HEIGHT="30" CONTENT="A" WC="0.59" CC="4" STYLEREFS="TXT_4"/>
						<SP ID="P2_SP00419" HPOS="1205" VPOS="570" WIDTH="22"/>
						<String ID="P2_ST00514" HPOS="1227" VPOS="539" WIDTH="132" HEIGHT="43" CONTENT="charge" WC="0.97" CC="649760"/>
						<SP ID="P2_SP00420" HPOS="1359" VPOS="581" WIDTH="25"/>
						<String ID="P2_ST00515" HPOS="1384" VPOS="539" WIDTH="38" HEIGHT="33" CONTENT="of" WC="0.49" CC="64"/>
						<SP ID="P2_SP00421" HPOS="1422" VPOS="581" WIDTH="24"/>
						<String ID="P2_ST00516" HPOS="1446" VPOS="542" WIDTH="43" HEIGHT="30" CONTENT="25" WC="0.32" CC="76" STYLEREFS="TXT_4"/>
						<SP ID="P2_SP00422" HPOS="1488" VPOS="581" WIDTH="24"/>
						<String ID="P2_ST00517" HPOS="1512" VPOS="540" WIDTH="106" HEIGHT="30" CONTENT="cents" WC="0.97" CC="30557"/>
						<SP ID="P2_SP00423" HPOS="1617" VPOS="581" WIDTH="22"/>
						<String ID="P2_ST00518" HPOS="1639" VPOS="539" WIDTH="76" HEIGHT="31" CONTENT="will" WC="0.96" CC="6075"/>
						<SP ID="P2_SP00424" HPOS="1715" VPOS="581" WIDTH="24"/>
						<String ID="P2_ST00519" HPOS="1739" VPOS="539" WIDTH="43" HEIGHT="31" CONTENT="be" WC="0.74" CC="50"/>
						<SP ID="P2_SP00425" HPOS="1781" VPOS="581" WIDTH="24"/>
						<String ID="P2_ST00520" HPOS="1805" VPOS="537" WIDTH="107" HEIGHT="33" CONTENT="made" WC="1.00" CC="0200"/>
						<SP ID="P2_SP00426" HPOS="1912" VPOS="581" WIDTH="24"/>
						<String ID="P2_ST00521" HPOS="1935" VPOS="537" WIDTH="61" HEIGHT="33" CONTENT="for" WC="0.97" CC="043"/>
						<SP ID="P2_SP00427" HPOS="1997" VPOS="581" WIDTH="22"/>
						<String ID="P2_ST00522" HPOS="2019" VPOS="545" WIDTH="20" HEIGHT="25" CONTENT="a" WC="0.36" CC="6" STYLEREFS="TXT_4"/>
					</TextLine>
					<TextLine ID="P2_TL00095" HPOS="1172" VPOS="584" WIDTH="868" HEIGHT="33">
						<String ID="P2_ST00523" HPOS="1172" VPOS="587" WIDTH="123" HEIGHT="30" CONTENT="notice" WC="0.98" CC="650021"/>
						<SP ID="P2_SP00428" HPOS="1294" VPOS="617" WIDTH="20"/>
						<String ID="P2_ST00524" HPOS="1315" VPOS="586" WIDTH="38" HEIGHT="31" CONTENT="of" WC="0.65" CC="06"/>
						<SP ID="P2_SP00429" HPOS="1353" VPOS="617" WIDTH="25"/>
						<String ID="P2_ST00525" HPOS="1378" VPOS="586" WIDTH="68" HEIGHT="31" CONTENT="five" WC="0.96" CC="7640"/>
						<SP ID="P2_SP00430" HPOS="1446" VPOS="617" WIDTH="22"/>
						<String ID="P2_ST00526" HPOS="1468" VPOS="586" WIDTH="94" HEIGHT="31" CONTENT="lines" WC="0.97" CC="00657"/>
						<SP ID="P2_SP00431" HPOS="1562" VPOS="617" WIDTH="20"/>
						<String ID="P2_ST00527" HPOS="1583" VPOS="586" WIDTH="58" HEIGHT="30" CONTENT="for" WC="0.96" CC="116"/>
						<SP ID="P2_SP00432" HPOS="1641" VPOS="617" WIDTH="22"/>
						<String ID="P2_ST00528" HPOS="1663" VPOS="586" WIDTH="82" HEIGHT="30" CONTENT="first" WC="0.98" CC="00425"/>
						<SP ID="P2_SP00433" HPOS="1745" VPOS="617" WIDTH="20"/>
						<String ID="P2_ST00529" HPOS="1765" VPOS="584" WIDTH="180" HEIGHT="31" CONTENT="insertion" WC="0.99" CC="045316404"/>
						<SP ID="P2_SP00434" HPOS="1945" VPOS="617" WIDTH="22"/>
						<String ID="P2_ST00530" HPOS="1967" VPOS="584" WIDTH="72" HEIGHT="31" CONTENT="and" WC="0.99" CC="020"/>
					</TextLine>
					<TextLine ID="P2_TL00096" HPOS="1176" VPOS="631" WIDTH="857" HEIGHT="40">
						<String ID="P2_ST00531" HPOS="1176" VPOS="633" WIDTH="38" HEIGHT="31" CONTENT="15" WC="0.36" CC="66" STYLEREFS="TXT_4"/>
						<SP ID="P2_SP00435" HPOS="1214" VPOS="665" WIDTH="27"/>
						<String ID="P2_ST00532" HPOS="1241" VPOS="633" WIDTH="104" HEIGHT="31" CONTENT="cents" WC="0.97" CC="53607"/>
						<SP ID="P2_SP00436" HPOS="1345" VPOS="665" WIDTH="27"/>
						<String ID="P2_ST00533" HPOS="1372" VPOS="631" WIDTH="60" HEIGHT="31" CONTENT="for" WC="0.94" CC="546"/>
						<SP ID="P2_SP00437" HPOS="1431" VPOS="665" WIDTH="25"/>
						<String ID="P2_ST00534" HPOS="1457" VPOS="631" WIDTH="88" HEIGHT="31" CONTENT="each" WC="1.00" CC="0000"/>
						<SP ID="P2_SP00438" HPOS="1545" VPOS="665" WIDTH="27"/>
						<String ID="P2_ST00535" HPOS="1572" VPOS="631" WIDTH="225" HEIGHT="39" CONTENT="subsequent" WC="0.99" CC="4058016060"/>
						<SP ID="P2_SP00439" HPOS="1797" VPOS="671" WIDTH="30"/>
						<String ID="P2_ST00536" HPOS="1827" VPOS="631" WIDTH="206" HEIGHT="38" CONTENT="insertion.)" WC="0.99" CC="46626402506"/>
					</TextLine>
				</TextBlock>
				<TextBlock ID="P2_TB00013" HPOS="1384" VPOS="3288" WIDTH="468" HEIGHT="41" language="en" STYLEREFS="TXT_1 PAR_LEFT">
					<TextLine ID="P2_TL00097" HPOS="1386" VPOS="3290" WIDTH="414" HEIGHT="39">
						<String ID="P2_ST00537" HPOS="1386" VPOS="3290" WIDTH="180" HEIGHT="39" CONTENT="Church" WC="1.00" CC="030000"/>
						<SP ID="P2_SP00440" HPOS="1565" VPOS="3329" WIDTH="35"/>
						<String ID="P2_ST00538" HPOS="1600" VPOS="3291" WIDTH="200" HEIGHT="38" CONTENT="Notices." WC="1.00" CC="00000001"/>
					</TextLine>
				</TextBlock>
				<TextBlock ID="P2_TB00014" HPOS="1161" VPOS="3346" WIDTH="863" HEIGHT="383" language="en" STYLEREFS="TXT_0 PAR_BLOCK">
					<TextLine ID="P2_TL00098" HPOS="1217" VPOS="3348" WIDTH="807" HEIGHT="50">
						<String ID="P2_ST00539" HPOS="1217" VPOS="3348" WIDTH="118" HEIGHT="39" CONTENT="First" WC="0.98" CC="04900"/>
						<SP ID="P2_SP00441" HPOS="1335" VPOS="3387" WIDTH="63"/>
						<String ID="P2_ST00540" HPOS="1398" VPOS="3348" WIDTH="383" HEIGHT="50" CONTENT="Congregational" WC="0.99" CC="60602004010866"/>
						<SP ID="P2_SP00442" HPOS="1781" VPOS="3398" WIDTH="52"/>
						<String ID="P2_ST00541" HPOS="1833" VPOS="3348" WIDTH="191" HEIGHT="46" CONTENT="Church," WC="0.97" CC="7089770"/>
					</TextLine>
					<TextLine ID="P2_TL00099" HPOS="1161" VPOS="3405" WIDTH="863" HEIGHT="43">
						<String ID="P2_ST00542" HPOS="1161" VPOS="3405" WIDTH="254" HEIGHT="43" CONTENT="Unitarian," WC="0.98" CC="3760937770"/>
						<SP ID="P2_SP00443" HPOS="1414" VPOS="3447" WIDTH="60"/>
						<String ID="P2_ST00543" HPOS="1474" VPOS="3405" WIDTH="175" HEIGHT="39" CONTENT="Benefit" WC="0.99" CC="6026000"/>
						<SP ID="P2_SP00444" HPOS="1649" VPOS="3447" WIDTH="30"/>
						<String ID="P2_ST00544" HPOS="1679" VPOS="3406" WIDTH="83" HEIGHT="41" CONTENT="and" WC="0.93" CC="387"/>
						<SP ID="P2_SP00445" HPOS="1762" VPOS="3447" WIDTH="63"/>
						<String ID="P2_ST00545" HPOS="1825" VPOS="3405" WIDTH="170" HEIGHT="41" CONTENT="Benevo" SUBS_TYPE="HypPart1" SUBS_CONTENT="Benevolent" WC="0.98" CC="908507"/>
						<HYP HPOS="1995" VPOS="3405" WIDTH="28" CONTENT="-"/>
					</TextLine>
					<TextLine ID="P2_TL00100" HPOS="1161" VPOS="3460" WIDTH="863" HEIGHT="46">
						<String ID="P2_ST00546" HPOS="1161" VPOS="3463" WIDTH="91" HEIGHT="41" CONTENT="lent" SUBS_TYPE="HypPart2" SUBS_CONTENT="Benevolent" WC="0.99" CC="0050"/>
						<SP ID="P2_SP00446" HPOS="1252" VPOS="3504" WIDTH="27"/>
						<String ID="P2_ST00547" HPOS="1279" VPOS="3461" WIDTH="184" HEIGHT="39" CONTENT="Streets." WC="1.00" CC="20500000"/>
						<SP ID="P2_SP00447" HPOS="1463" VPOS="3504" WIDTH="27"/>
						<String ID="P2_ST00548" HPOS="1490" VPOS="3463" WIDTH="22" HEIGHT="38" CONTENT="9" WC="1.00" CC="0"/>
						<SP ID="P2_SP00448" HPOS="1512" VPOS="3504" WIDTH="17"/>
						<String ID="P2_ST00549" HPOS="1529" VPOS="3463" WIDTH="76" HEIGHT="43" CONTENT=":45," WC="0.70" CC="0550"/>
						<SP ID="P2_SP00449" HPOS="1605" VPOS="3506" WIDTH="27"/>
						<String ID="P2_ST00550" HPOS="1631" VPOS="3461" WIDTH="178" HEIGHT="39" CONTENT="Church" WC="0.97" CC="457415"/>
						<SP ID="P2_SP00450" HPOS="1809" VPOS="3506" WIDTH="30"/>
						<String ID="P2_ST00551" HPOS="1839" VPOS="3460" WIDTH="184" HEIGHT="46" CONTENT="School:" WC="0.98" CC="6056466"/>
					</TextLine>
					<TextLine ID="P2_TL00101" HPOS="1162" VPOS="3518" WIDTH="861" HEIGHT="49">
						<String ID="P2_ST00552" HPOS="1162" VPOS="3521" WIDTH="60" HEIGHT="41" CONTENT="11," WC="0.67" CC="360"/>
						<SP ID="P2_SP00451" HPOS="1222" VPOS="3562" WIDTH="49"/>
						<String ID="P2_ST00553" HPOS="1271" VPOS="3520" WIDTH="151" HEIGHT="39" CONTENT="Public" WC="0.96" CC="888067"/>
						<SP ID="P2_SP00452" HPOS="1422" VPOS="3562" WIDTH="69"/>
						<String ID="P2_ST00554" HPOS="1491" VPOS="3520" WIDTH="198" HEIGHT="47" CONTENT="worship" WC="0.97" CC="9620679"/>
						<SP ID="P2_SP00453" HPOS="1690" VPOS="3567" WIDTH="41"/>
						<String ID="P2_ST00555" HPOS="1731" VPOS="3518" WIDTH="109" HEIGHT="41" CONTENT="with" WC="0.98" CC="5410"/>
						<SP ID="P2_SP00454" HPOS="1839" VPOS="3567" WIDTH="69"/>
						<String ID="P2_ST00556" HPOS="1909" VPOS="3534" WIDTH="87" HEIGHT="27" CONTENT="com" SUBS_TYPE="HypPart1" SUBS_CONTENT="communion." WC="0.94" CC="656"/>
						<HYP HPOS="1995" VPOS="3534" WIDTH="28" CONTENT="-"/>
					</TextLine>
					<TextLine ID="P2_TL00102" HPOS="1162" VPOS="3578" WIDTH="861" HEIGHT="49">
						<String ID="P2_ST00557" HPOS="1162" VPOS="3580" WIDTH="197" HEIGHT="39" CONTENT="munion." SUBS_TYPE="HypPart2" SUBS_CONTENT="communion." WC="0.97" CC="6880780"/>
						<SP ID="P2_SP00455" HPOS="1359" VPOS="3619" WIDTH="63"/>
						<String ID="P2_ST00558" HPOS="1422" VPOS="3578" WIDTH="69" HEIGHT="38" CONTENT="Dr." WC="0.96" CC="900"/>
						<SP ID="P2_SP00456" HPOS="1491" VPOS="3619" WIDTH="65"/>
						<String ID="P2_ST00559" HPOS="1556" VPOS="3578" WIDTH="117" HEIGHT="38" CONTENT="Lord" WC="0.94" CC="4979"/>
						<SP ID="P2_SP00457" HPOS="1672" VPOS="3619" WIDTH="31"/>
						<String ID="P2_ST00560" HPOS="1704" VPOS="3578" WIDTH="88" HEIGHT="39" CONTENT="will" WC="0.99" CC="0001"/>
						<SP ID="P2_SP00458" HPOS="1792" VPOS="3619" WIDTH="58"/>
						<String ID="P2_ST00561" HPOS="1850" VPOS="3578" WIDTH="173" HEIGHT="49" CONTENT="preach." WC="0.97" CC="9972970"/>
					</TextLine>
					<TextLine ID="P2_TL00103" HPOS="1162" VPOS="3633" WIDTH="862" HEIGHT="52">
						<String ID="P2_ST00562" HPOS="1162" VPOS="3635" WIDTH="217" HEIGHT="41" CONTENT="Students" WC="0.99" CC="05701700"/>
						<SP ID="P2_SP00459" HPOS="1380" VPOS="3676" WIDTH="39"/>
						<String ID="P2_ST00563" HPOS="1419" VPOS="3633" WIDTH="214" HEIGHT="52" CONTENT="cordially" WC="0.98" CC="352056339"/>
						<SP ID="P2_SP00460" HPOS="1633" VPOS="3685" WIDTH="41"/>
						<String ID="P2_ST00564" HPOS="1674" VPOS="3633" WIDTH="169" HEIGHT="43" CONTENT="invited" WC="0.98" CC="0865030"/>
						<SP ID="P2_SP00461" HPOS="1843" VPOS="3685" WIDTH="43"/>
						<String ID="P2_ST00565" HPOS="1885" VPOS="3641" WIDTH="44" HEIGHT="33" CONTENT="to" WC="0.35" CC="56"/>
						<SP ID="P2_SP00462" HPOS="1929" VPOS="3685" WIDTH="41"/>
						<String ID="P2_ST00566" HPOS="1970" VPOS="3635" WIDTH="54" HEIGHT="39" CONTENT="all" WC="0.96" CC="063"/>
					</TextLine>
					<TextLine ID="P2_TL00104" HPOS="1161" VPOS="3693" WIDTH="208" HEIGHT="36">
						<String ID="P2_ST00567" HPOS="1161" VPOS="3693" WIDTH="208" HEIGHT="36" CONTENT="services." WC="0.99" CC="407606030"/>
					</TextLine>
				</TextBlock>
				<TextBlock ID="P2_TB00015" HPOS="1161" VPOS="3746" WIDTH="863" HEIGHT="442" language="en" STYLEREFS="TXT_0 PAR_BLOCK">
					<TextLine ID="P2_TL00105" HPOS="1216" VPOS="3748" WIDTH="808" HEIGHT="51">
						<String ID="P2_ST00568" HPOS="1216" VPOS="3751" WIDTH="60" HEIGHT="36" CONTENT="Sr." WC="0.97" CC="070"/>
						<SP ID="P2_SP00463" HPOS="1276" VPOS="3787" WIDTH="35"/>
						<String ID="P2_ST00569" HPOS="1310" VPOS="3750" WIDTH="209" HEIGHT="39" CONTENT="Martin’s" WC="0.99" CC="67000705"/>
						<SP ID="P2_SP00464" HPOS="1520" VPOS="3789" WIDTH="35"/>
						<String ID="P2_ST00570" HPOS="1554" VPOS="3750" WIDTH="243" HEIGHT="49" CONTENT="Episcopal" WC="0.98" CC="790376994"/>
						<SP ID="P2_SP00465" HPOS="1797" VPOS="3798" WIDTH="35"/>
						<String ID="P2_ST00571" HPOS="1831" VPOS="3748" WIDTH="192" HEIGHT="39" CONTENT="Church." WC="0.98" CC="4780770"/>
					</TextLine>
					<TextLine ID="P2_TL00106" HPOS="1161" VPOS="3805" WIDTH="863" HEIGHT="44">
						<String ID="P2_ST00572" HPOS="1161" VPOS="3805" WIDTH="205" HEIGHT="41" CONTENT="Orchard" WC="0.99" CC="4400300"/>
						<SP ID="P2_SP00466" HPOS="1365" VPOS="3846" WIDTH="63"/>
						<String ID="P2_ST00573" HPOS="1428" VPOS="3806" WIDTH="202" HEIGHT="43" CONTENT="Avenue." WC="0.99" CC="0277100"/>
						<SP ID="P2_SP00467" HPOS="1630" VPOS="3849" WIDTH="60"/>
						<String ID="P2_ST00574" HPOS="1690" VPOS="3805" WIDTH="110" HEIGHT="41" CONTENT="Rev." WC="0.98" CC="0640"/>
						<SP ID="P2_SP00468" HPOS="1800" VPOS="3849" WIDTH="66"/>
						<String ID="P2_ST00575" HPOS="1866" VPOS="3805" WIDTH="49" HEIGHT="39" CONTENT="A." WC="1.00" CC="00"/>
						<SP ID="P2_SP00469" HPOS="1915" VPOS="3849" WIDTH="65"/>
						<String ID="P2_ST00576" HPOS="1980" VPOS="3805" WIDTH="44" HEIGHT="38" CONTENT="L." WC="0.63" CC="70"/>
					</TextLine>
					<TextLine ID="P2_TL00107" HPOS="1162" VPOS="3863" WIDTH="862" HEIGHT="49">
						<String ID="P2_ST00577" HPOS="1162" VPOS="3865" WIDTH="274" HEIGHT="38" CONTENT="Washburn." WC="0.98" CC="081886580"/>
						<SP ID="P2_SP00470" HPOS="1436" VPOS="3902" WIDTH="57"/>
						<String ID="P2_ST00578" HPOS="1493" VPOS="3863" WIDTH="205" HEIGHT="39" CONTENT="Services" WC="0.97" CC="08854769"/>
						<String ID="P2_ST00579" HPOS="1701" VPOS="3863" WIDTH="173" HEIGHT="43" CONTENT="—8:00," WC="0.97" CC="860780"/>
						<SP ID="P2_SP00471" HPOS="1874" VPOS="3906" WIDTH="31"/>
						<String ID="P2_ST00580" HPOS="1906" VPOS="3863" WIDTH="118" HEIGHT="49" CONTENT="Holy" WC="0.94" CC="8829"/>
					</TextLine>
					<TextLine ID="P2_TL00108" HPOS="1162" VPOS="3918" WIDTH="862" HEIGHT="45">
						<String ID="P2_ST00581" HPOS="1162" VPOS="3920" WIDTH="324" HEIGHT="43" CONTENT="Communion;" WC="0.98" CC="5940870684"/>
						<SP ID="P2_SP00472" HPOS="1487" VPOS="3962" WIDTH="93"/>
						<String ID="P2_ST00582" HPOS="1580" VPOS="3920" WIDTH="140" HEIGHT="43" CONTENT="11:30," WC="0.54" CC="680750"/>
						<SP ID="P2_SP00473" HPOS="1720" VPOS="3962" WIDTH="93"/>
						<String ID="P2_ST00583" HPOS="1813" VPOS="3918" WIDTH="211" HEIGHT="44" CONTENT="Mornimr" WC="0.44" CC="6106698"/>
					</TextLine>
					<TextLine ID="P2_TL00109" HPOS="1162" VPOS="3976" WIDTH="862" HEIGHT="46">
						<String ID="P2_ST00584" HPOS="1162" VPOS="3992" WIDTH="161" HEIGHT="27" CONTENT="P-raver" WC="0.34" CC="7489680"/>
						<SP ID="P2_SP00474" HPOS="1323" VPOS="4019" WIDTH="38"/>
						<String ID="P2_ST00585" HPOS="1361" VPOS="3980" WIDTH="85" HEIGHT="39" CONTENT="and" WC="0.91" CC="968"/>
						<SP ID="P2_SP00475" HPOS="1446" VPOS="4019" WIDTH="39"/>
						<String ID="P2_ST00586" HPOS="1485" VPOS="3992" WIDTH="203" HEIGHT="28" CONTENT="sermon;" WC="0.98" CC="5017571"/>
						<SP ID="P2_SP00476" HPOS="1688" VPOS="4020" WIDTH="38"/>
						<String ID="P2_ST00587" HPOS="1726" VPOS="3978" WIDTH="117" HEIGHT="44" CONTENT="4:30," WC="0.62" CC="60920"/>
						<SP ID="P2_SP00477" HPOS="1843" VPOS="4022" WIDTH="41"/>
						<String ID="P2_ST00588" HPOS="1883" VPOS="3976" WIDTH="113" HEIGHT="41" CONTENT="Even" SUBS_TYPE="HypPart1" SUBS_CONTENT="Evening" WC="0.97" CC="7608"/>
						<HYP HPOS="1997" VPOS="3976" WIDTH="27" CONTENT="-"/>
					</TextLine>
					<TextLine ID="P2_TL00110" HPOS="1161" VPOS="4035" WIDTH="863" HEIGHT="52">
						<String ID="P2_ST00589" HPOS="1161" VPOS="4036" WIDTH="77" HEIGHT="50" CONTENT="ing" SUBS_TYPE="HypPart2" SUBS_CONTENT="Evening" WC="0.91" CC="679"/>
						<SP ID="P2_SP00478" HPOS="1238" VPOS="4087" WIDTH="36"/>
						<String ID="P2_ST00590" HPOS="1274" VPOS="4049" WIDTH="159" HEIGHT="38" CONTENT="prayer" WC="0.98" CC="602025"/>
						<SP ID="P2_SP00479" HPOS="1433" VPOS="4087" WIDTH="38"/>
						<String ID="P2_ST00591" HPOS="1471" VPOS="4036" WIDTH="85" HEIGHT="39" CONTENT="and" WC="0.95" CC="660"/>
						<SP ID="P2_SP00480" HPOS="1556" VPOS="4087" WIDTH="38"/>
						<String ID="P2_ST00592" HPOS="1594" VPOS="4036" WIDTH="198" HEIGHT="39" CONTENT="address." WC="0.98" CC="70960240"/>
						<SP ID="P2_SP00481" HPOS="1792" VPOS="4087" WIDTH="68"/>
						<String ID="P2_ST00593" HPOS="1860" VPOS="4035" WIDTH="164" HEIGHT="39" CONTENT="Brown" WC="0.96" CC="06918"/>
					</TextLine>
					<TextLine ID="P2_TL00111" HPOS="1161" VPOS="4093" WIDTH="863" HEIGHT="52">
						<String ID="P2_ST00594" HPOS="1161" VPOS="4107" WIDTH="98" HEIGHT="27" CONTENT="men" WC="0.94" CC="068"/>
						<SP ID="P2_SP00482" HPOS="1258" VPOS="4134" WIDTH="43"/>
						<String ID="P2_ST00595" HPOS="1301" VPOS="4109" WIDTH="71" HEIGHT="28" CONTENT="are" WC="0.97" CC="600"/>
						<SP ID="P2_SP00483" HPOS="1372" VPOS="4137" WIDTH="41"/>
						<String ID="P2_ST00596" HPOS="1413" VPOS="4093" WIDTH="216" HEIGHT="52" CONTENT="cordially" WC="0.99" CC="045900607"/>
						<SP ID="P2_SP00484" HPOS="1628" VPOS="4145" WIDTH="41"/>
						<String ID="P2_ST00597" HPOS="1669" VPOS="4093" WIDTH="170" HEIGHT="39" CONTENT="invited" WC="0.98" CC="5565506"/>
						<SP ID="P2_SP00485" HPOS="1839" VPOS="4145" WIDTH="41"/>
						<String ID="P2_ST00598" HPOS="1880" VPOS="4099" WIDTH="46" HEIGHT="31" CONTENT="to" WC="0.62" CC="06"/>
						<SP ID="P2_SP00486" HPOS="1926" VPOS="4145" WIDTH="36"/>
						<String ID="P2_ST00599" HPOS="1962" VPOS="4099" WIDTH="41" HEIGHT="31" CONTENT="at" SUBS_TYPE="HypPart1" SUBS_CONTENT="attend" WC="0.95" CC="70"/>
						<HYP HPOS="2003" VPOS="4099" WIDTH="20" CONTENT="-"/>
					</TextLine>
					<TextLine ID="P2_TL00112" HPOS="1164" VPOS="4150" WIDTH="424" HEIGHT="38">
						<String ID="P2_ST00600" HPOS="1164" VPOS="4153" WIDTH="104" HEIGHT="35" CONTENT="tend" SUBS_TYPE="HypPart2" SUBS_CONTENT="attend" WC="0.98" CC="0180"/>
						<SP ID="P2_SP00487" HPOS="1268" VPOS="4187" WIDTH="25"/>
						<String ID="P2_ST00601" HPOS="1293" VPOS="4164" WIDTH="87" HEIGHT="24" CONTENT="any" WC="0.92" CC="677"/>
						<SP ID="P2_SP00488" HPOS="1380" VPOS="4187" WIDTH="25"/>
						<String ID="P2_ST00602" HPOS="1405" VPOS="4150" WIDTH="183" HEIGHT="38" CONTENT="service." WC="0.98" CC="13607540"/>
					</TextLine>
				</TextBlock>
				<TextBlock ID="P2_TB00016" HPOS="1164" VPOS="4261" WIDTH="865" HEIGHT="98" language="en" STYLEREFS="TXT_1 PAR_LEFT">
					<TextLine ID="P2_TL00113" HPOS="1164" VPOS="4263" WIDTH="865" HEIGHT="40">
						<String ID="P2_ST00603" HPOS="1164" VPOS="4265" WIDTH="280" HEIGHT="38" CONTENT="Dartmouth" WC="1.00" CC="000310500"/>
						<SP ID="P2_SP00489" HPOS="1444" VPOS="4302" WIDTH="65"/>
						<String ID="P2_ST00604" HPOS="1509" VPOS="4271" WIDTH="46" HEIGHT="30" CONTENT="to" WC="1.00" CC="00"/>
						<SP ID="P2_SP00490" HPOS="1554" VPOS="4302" WIDTH="38"/>
						<String ID="P2_ST00605" HPOS="1592" VPOS="4265" WIDTH="161" HEIGHT="38" CONTENT="Honor" WC="0.99" CC="60000"/>
						<SP ID="P2_SP00491" HPOS="1753" VPOS="4302" WIDTH="66"/>
						<String ID="P2_ST00606" HPOS="1819" VPOS="4263" WIDTH="209" HEIGHT="38" CONTENT="Football" WC="0.99" CC="00022415"/>
					</TextLine>
					<TextLine ID="P2_TL00114" HPOS="1535" VPOS="4323" WIDTH="121" HEIGHT="36">
						<String ID="P2_ST00607" HPOS="1535" VPOS="4323" WIDTH="121" HEIGHT="36" CONTENT="Men." WC="0.99" CC="0022"/>
					</TextLine>
				</TextBlock>
				<TextBlock ID="P2_TB00017" HPOS="1157" VPOS="4373" WIDTH="870" HEIGHT="668" language="en" STYLEREFS="TXT_0 PAR_BLOCK">
					<TextLine ID="P2_TL00115" HPOS="1217" VPOS="4375" WIDTH="810" HEIGHT="52">
						<String ID="P2_ST00608" HPOS="1217" VPOS="4378" WIDTH="101" HEIGHT="39" CONTENT="One" WC="0.93" CC="585"/>
						<SP ID="P2_SP00492" HPOS="1318" VPOS="4417" WIDTH="33"/>
						<String ID="P2_ST00609" HPOS="1351" VPOS="4378" WIDTH="124" HEIGHT="39" CONTENT="week" WC="0.98" CC="6300"/>
						<SP ID="P2_SP00493" HPOS="1476" VPOS="4417" WIDTH="33"/>
						<String ID="P2_ST00610" HPOS="1509" VPOS="4378" WIDTH="115" HEIGHT="38" CONTENT="from" WC="0.97" CC="6603"/>
						<SP ID="P2_SP00494" HPOS="1624" VPOS="4417" WIDTH="35"/>
						<String ID="P2_ST00611" HPOS="1658" VPOS="4376" WIDTH="200" HEIGHT="50" CONTENT="to-night" WC="0.99" CC="14050000"/>
						<SP ID="P2_SP00495" HPOS="1858" VPOS="4427" WIDTH="36"/>
						<String ID="P2_ST00612" HPOS="1894" VPOS="4375" WIDTH="107" HEIGHT="39" CONTENT="Dart" SUBS_TYPE="HypPart1" SUBS_CONTENT="Dartmouth" WC="0.98" CC="0534"/>
						<HYP HPOS="2002" VPOS="4375" WIDTH="25" CONTENT="-"/>
					</TextLine>
					<TextLine ID="P2_TL00116" HPOS="1161" VPOS="4431" WIDTH="865" HEIGHT="53">
						<String ID="P2_ST00613" HPOS="1161" VPOS="4436" WIDTH="157" HEIGHT="38" CONTENT="mouth" SUBS_TYPE="HypPart2" SUBS_CONTENT="Dartmouth" WC="0.96" CC="67827"/>
						<SP ID="P2_SP00496" HPOS="1318" VPOS="4474" WIDTH="35"/>
						<String ID="P2_ST00614" HPOS="1353" VPOS="4435" WIDTH="88" HEIGHT="39" CONTENT="will" WC="0.96" CC="2455"/>
						<SP ID="P2_SP00497" HPOS="1441" VPOS="4474" WIDTH="36"/>
						<String ID="P2_ST00615" HPOS="1477" VPOS="4435" WIDTH="143" HEIGHT="39" CONTENT="honor" WC="0.97" CC="70566"/>
						<SP ID="P2_SP00498" HPOS="1620" VPOS="4474" WIDTH="35"/>
						<String ID="P2_ST00616" HPOS="1655" VPOS="4435" WIDTH="57" HEIGHT="39" CONTENT="its" WC="0.96" CC="506"/>
						<SP ID="P2_SP00499" HPOS="1712" VPOS="4474" WIDTH="35"/>
						<String ID="P2_ST00617" HPOS="1746" VPOS="4441" WIDTH="128" HEIGHT="43" CONTENT="great" WC="0.98" CC="05070"/>
						<SP ID="P2_SP00500" HPOS="1874" VPOS="4483" WIDTH="36"/>
						<String ID="P2_ST00618" HPOS="1910" VPOS="4431" WIDTH="93" HEIGHT="39" CONTENT="foot" SUBS_TYPE="HypPart1" SUBS_CONTENT="football" WC="0.98" CC="4540"/>
						<HYP HPOS="2003" VPOS="4431" WIDTH="22" CONTENT="-"/>
					</TextLine>
					<TextLine ID="P2_TL00117" HPOS="1159" VPOS="4490" WIDTH="866" HEIGHT="50">
						<String ID="P2_ST00619" HPOS="1159" VPOS="4493" WIDTH="87" HEIGHT="39" CONTENT="ball" SUBS_TYPE="HypPart2" SUBS_CONTENT="football" WC="0.97" CC="7500"/>
						<SP ID="P2_SP00501" HPOS="1246" VPOS="4532" WIDTH="38"/>
						<String ID="P2_ST00620" HPOS="1283" VPOS="4501" WIDTH="118" HEIGHT="31" CONTENT="team" WC="0.97" CC="0572"/>
						<SP ID="P2_SP00502" HPOS="1402" VPOS="4532" WIDTH="35"/>
						<String ID="P2_ST00621" HPOS="1436" VPOS="4493" WIDTH="58" HEIGHT="47" CONTENT="by" WC="0.25" CC="68"/>
						<SP ID="P2_SP00503" HPOS="1494" VPOS="4540" WIDTH="33"/>
						<String ID="P2_ST00622" HPOS="1528" VPOS="4507" WIDTH="24" HEIGHT="24" CONTENT="a" WC="0.75" CC="2"/>
						<SP ID="P2_SP00504" HPOS="1551" VPOS="4540" WIDTH="35"/>
						<String ID="P2_ST00623" HPOS="1586" VPOS="4491" WIDTH="77" HEIGHT="49" CONTENT="big" WC="0.92" CC="739"/>
						<SP ID="P2_SP00505" HPOS="1663" VPOS="4540" WIDTH="31"/>
						<String ID="P2_ST00624" HPOS="1694" VPOS="4491" WIDTH="189" HEIGHT="38" CONTENT="football" WC="0.99" CC="65006600"/>
						<SP ID="P2_SP00506" HPOS="1883" VPOS="4540" WIDTH="35"/>
						<String ID="P2_ST00625" HPOS="1918" VPOS="4490" WIDTH="80" HEIGHT="39" CONTENT="ban" SUBS_TYPE="HypPart1" SUBS_CONTENT="banquet." WC="0.95" CC="388"/>
						<HYP HPOS="1998" VPOS="4490" WIDTH="27" CONTENT="-"/>
					</TextLine>
					<TextLine ID="P2_TL00118" HPOS="1159" VPOS="4546" WIDTH="865" HEIGHT="52">
						<String ID="P2_ST00626" HPOS="1159" VPOS="4557" WIDTH="118" HEIGHT="39" CONTENT="quet." SUBS_TYPE="HypPart2" SUBS_CONTENT="banquet." WC="0.97" CC="97530"/>
						<SP ID="P2_SP00507" HPOS="1277" VPOS="4597" WIDTH="66"/>
						<String ID="P2_ST00627" HPOS="1343" VPOS="4553" WIDTH="58" HEIGHT="36" CONTENT="At" WC="0.93" CC="10"/>
						<SP ID="P2_SP00508" HPOS="1402" VPOS="4597" WIDTH="36"/>
						<String ID="P2_ST00628" HPOS="1438" VPOS="4548" WIDTH="96" HEIGHT="39" CONTENT="that" WC="0.97" CC="1640"/>
						<SP ID="P2_SP00509" HPOS="1534" VPOS="4597" WIDTH="63"/>
						<String ID="P2_ST00629" HPOS="1597" VPOS="4548" WIDTH="107" HEIGHT="39" CONTENT="time" WC="0.97" CC="0660"/>
						<SP ID="P2_SP00510" HPOS="1704" VPOS="4597" WIDTH="35"/>
						<String ID="P2_ST00630" HPOS="1739" VPOS="4548" WIDTH="104" HEIGHT="50" CONTENT="gold" WC="0.95" CC="9960"/>
						<SP ID="P2_SP00511" HPOS="1843" VPOS="4598" WIDTH="66"/>
						<String ID="P2_ST00631" HPOS="1909" VPOS="4546" WIDTH="93" HEIGHT="39" CONTENT="foot" SUBS_TYPE="HypPart1" SUBS_CONTENT="footballs" WC="0.98" CC="6040"/>
						<HYP HPOS="2002" VPOS="4546" WIDTH="22" CONTENT="-"/>
					</TextLine>
					<TextLine ID="P2_TL00119" HPOS="1159" VPOS="4603" WIDTH="867" HEIGHT="50">
						<String ID="P2_ST00632" HPOS="1159" VPOS="4606" WIDTH="113" HEIGHT="41" CONTENT="balls" SUBS_TYPE="HypPart2" SUBS_CONTENT="footballs" WC="0.97" CC="72452"/>
						<SP ID="P2_SP00512" HPOS="1272" VPOS="4647" WIDTH="36"/>
						<String ID="P2_ST00633" HPOS="1309" VPOS="4605" WIDTH="109" HEIGHT="41" CONTENT="with" WC="0.95" CC="9506"/>
						<SP ID="P2_SP00513" HPOS="1417" VPOS="4647" WIDTH="36"/>
						<String ID="P2_ST00634" HPOS="1454" VPOS="4606" WIDTH="74" HEIGHT="39" CONTENT="the" WC="0.99" CC="020"/>
						<SP ID="P2_SP00514" HPOS="1528" VPOS="4647" WIDTH="39"/>
						<String ID="P2_ST00635" HPOS="1567" VPOS="4619" WIDTH="151" HEIGHT="27" CONTENT="scores" WC="0.99" CC="305600"/>
						<SP ID="P2_SP00515" HPOS="1718" VPOS="4647" WIDTH="36"/>
						<String ID="P2_ST00636" HPOS="1754" VPOS="4605" WIDTH="46" HEIGHT="39" CONTENT="of" WC="0.85" CC="02"/>
						<SP ID="P2_SP00516" HPOS="1800" VPOS="4647" WIDTH="38"/>
						<String ID="P2_ST00637" HPOS="1838" VPOS="4605" WIDTH="72" HEIGHT="39" CONTENT="the" WC="0.95" CC="066"/>
						<SP ID="P2_SP00517" HPOS="1910" VPOS="4647" WIDTH="39"/>
						<String ID="P2_ST00638" HPOS="1950" VPOS="4603" WIDTH="76" HEIGHT="50" CONTENT="big" WC="0.92" CC="749"/>
					</TextLine>
					<TextLine ID="P2_TL00120" HPOS="1157" VPOS="4660" WIDTH="865" HEIGHT="52">
						<String ID="P2_ST00639" HPOS="1157" VPOS="4663" WIDTH="213" HEIGHT="39" CONTENT="victories" WC="0.99" CC="620861104"/>
						<SP ID="P2_SP00518" HPOS="1370" VPOS="4702" WIDTH="36"/>
						<String ID="P2_ST00640" HPOS="1406" VPOS="4663" WIDTH="46" HEIGHT="38" CONTENT="of" WC="0.54" CC="18"/>
						<SP ID="P2_SP00519" HPOS="1452" VPOS="4702" WIDTH="35"/>
						<String ID="P2_ST00641" HPOS="1487" VPOS="4663" WIDTH="76" HEIGHT="38" CONTENT="the" WC="1.00" CC="000"/>
						<SP ID="P2_SP00520" HPOS="1562" VPOS="4702" WIDTH="38"/>
						<String ID="P2_ST00642" HPOS="1600" VPOS="4676" WIDTH="157" HEIGHT="25" CONTENT="season" WC="0.99" CC="003047"/>
						<SP ID="P2_SP00521" HPOS="1757" VPOS="4702" WIDTH="39"/>
						<String ID="P2_ST00643" HPOS="1797" VPOS="4660" WIDTH="225" HEIGHT="52" CONTENT="engraved" WC="0.98" CC="07965000"/>
					</TextLine>
					<TextLine ID="P2_TL00121" HPOS="1157" VPOS="4718" WIDTH="866" HEIGHT="51">
						<String ID="P2_ST00644" HPOS="1157" VPOS="4735" WIDTH="57" HEIGHT="24" CONTENT="on" WC="0.59" CC="08"/>
						<SP ID="P2_SP00522" HPOS="1214" VPOS="4759" WIDTH="30"/>
						<String ID="P2_ST00645" HPOS="1244" VPOS="4720" WIDTH="135" HEIGHT="43" CONTENT="them," WC="0.98" CC="66000"/>
						<SP ID="P2_SP00523" HPOS="1380" VPOS="4762" WIDTH="28"/>
						<String ID="P2_ST00646" HPOS="1408" VPOS="4720" WIDTH="91" HEIGHT="38" CONTENT="will" WC="1.00" CC="0000"/>
						<SP ID="P2_SP00524" HPOS="1499" VPOS="4762" WIDTH="27"/>
						<String ID="P2_ST00647" HPOS="1526" VPOS="4718" WIDTH="54" HEIGHT="41" CONTENT="be" WC="0.83" CC="11"/>
						<SP ID="P2_SP00525" HPOS="1580" VPOS="4762" WIDTH="25"/>
						<String ID="P2_ST00648" HPOS="1605" VPOS="4718" WIDTH="241" HEIGHT="50" CONTENT="presented" WC="0.99" CC="730304000"/>
						<SP ID="P2_SP00526" HPOS="1846" VPOS="4769" WIDTH="30"/>
						<String ID="P2_ST00649" HPOS="1876" VPOS="4724" WIDTH="46" HEIGHT="31" CONTENT="to" WC="1.00" CC="00"/>
						<SP ID="P2_SP00527" HPOS="1921" VPOS="4769" WIDTH="30"/>
						<String ID="P2_ST00650" HPOS="1951" VPOS="4718" WIDTH="72" HEIGHT="36" CONTENT="the" WC="0.95" CC="570"/>
					</TextLine>
					<TextLine ID="P2_TL00122" HPOS="1161" VPOS="4773" WIDTH="865" HEIGHT="52">
						<String ID="P2_ST00651" HPOS="1161" VPOS="4778" WIDTH="131" HEIGHT="38" CONTENT="letter" WC="0.98" CC="052607"/>
						<SP ID="P2_SP00528" HPOS="1291" VPOS="4816" WIDTH="38"/>
						<String ID="P2_ST00652" HPOS="1329" VPOS="4789" WIDTH="99" HEIGHT="27" CONTENT="men" WC="0.96" CC="207"/>
						<SP ID="P2_SP00529" HPOS="1428" VPOS="4816" WIDTH="39"/>
						<String ID="P2_ST00653" HPOS="1468" VPOS="4775" WIDTH="47" HEIGHT="39" CONTENT="of" WC="0.81" CC="03"/>
						<SP ID="P2_SP00530" HPOS="1515" VPOS="4816" WIDTH="38"/>
						<String ID="P2_ST00654" HPOS="1553" VPOS="4775" WIDTH="74" HEIGHT="39" CONTENT="the" WC="0.98" CC="060"/>
						<SP ID="P2_SP00531" HPOS="1627" VPOS="4816" WIDTH="39"/>
						<String ID="P2_ST00655" HPOS="1666" VPOS="4773" WIDTH="154" HEIGHT="52" CONTENT="squad." WC="0.99" CC="000240"/>
						<SP ID="P2_SP00532" HPOS="1820" VPOS="4825" WIDTH="69"/>
						<String ID="P2_ST00656" HPOS="1890" VPOS="4773" WIDTH="135" HEIGHT="39" CONTENT="Plans" WC="0.96" CC="30966"/>
					</TextLine>
					<TextLine ID="P2_TL00123" HPOS="1157" VPOS="4831" WIDTH="868" HEIGHT="52">
						<String ID="P2_ST00657" HPOS="1157" VPOS="4847" WIDTH="74" HEIGHT="27" CONTENT="are" WC="0.91" CC="796"/>
						<SP ID="P2_SP00533" HPOS="1231" VPOS="4874" WIDTH="31"/>
						<String ID="P2_ST00658" HPOS="1263" VPOS="4833" WIDTH="142" HEIGHT="39" CONTENT="under" WC="0.98" CC="47003"/>
						<SP ID="P2_SP00534" HPOS="1405" VPOS="4874" WIDTH="31"/>
						<String ID="P2_ST00659" HPOS="1436" VPOS="4847" WIDTH="101" HEIGHT="36" CONTENT="way" WC="0.96" CC="900"/>
						<SP ID="P2_SP00535" HPOS="1537" VPOS="4883" WIDTH="30"/>
						<String ID="P2_ST00660" HPOS="1567" VPOS="4831" WIDTH="69" HEIGHT="39" CONTENT="for" WC="0.96" CC="370"/>
						<SP ID="P2_SP00536" HPOS="1636" VPOS="4883" WIDTH="31"/>
						<String ID="P2_ST00661" HPOS="1668" VPOS="4831" WIDTH="74" HEIGHT="39" CONTENT="the" WC="0.97" CC="034"/>
						<SP ID="P2_SP00537" HPOS="1742" VPOS="4883" WIDTH="31"/>
						<String ID="P2_ST00662" HPOS="1773" VPOS="4843" WIDTH="220" HEIGHT="27" CONTENT="accommo" SUBS_TYPE="HypPart1" SUBS_CONTENT="accommodation" WC="0.99" CC="0006006"/>
						<HYP HPOS="1994" VPOS="4843" WIDTH="31" CONTENT="-"/>
					</TextLine>
					<TextLine ID="P2_TL00124" HPOS="1161" VPOS="4887" WIDTH="865" HEIGHT="54">
						<String ID="P2_ST00663" HPOS="1161" VPOS="4891" WIDTH="151" HEIGHT="38" CONTENT="dation" SUBS_TYPE="HypPart2" SUBS_CONTENT="accommodation" WC="0.98" CC="090554"/>
						<SP ID="P2_SP00538" HPOS="1312" VPOS="4929" WIDTH="28"/>
						<String ID="P2_ST00664" HPOS="1340" VPOS="4888" WIDTH="46" HEIGHT="39" CONTENT="of" WC="0.46" CC="55"/>
						<SP ID="P2_SP00539" HPOS="1386" VPOS="4929" WIDTH="28"/>
						<String ID="P2_ST00665" HPOS="1414" VPOS="4904" WIDTH="24" HEIGHT="24" CONTENT="a" WC="0.27" CC="7"/>
						<SP ID="P2_SP00540" HPOS="1438" VPOS="4929" WIDTH="27"/>
						<String ID="P2_ST00666" HPOS="1465" VPOS="4890" WIDTH="123" HEIGHT="50" CONTENT="large" WC="0.98" CC="00470"/>
						<SP ID="P2_SP00541" HPOS="1587" VPOS="4940" WIDTH="28"/>
						<String ID="P2_ST00667" HPOS="1616" VPOS="4888" WIDTH="192" HEIGHT="39" CONTENT="number" WC="0.98" CC="708500"/>
						<SP ID="P2_SP00542" HPOS="1808" VPOS="4940" WIDTH="28"/>
						<String ID="P2_ST00668" HPOS="1836" VPOS="4887" WIDTH="46" HEIGHT="39" CONTENT="of" WC="0.65" CC="33"/>
						<SP ID="P2_SP00543" HPOS="1882" VPOS="4940" WIDTH="27"/>
						<String ID="P2_ST00669" HPOS="1909" VPOS="4901" WIDTH="117" HEIGHT="27" CONTENT="men," WC="0.98" CC="8020"/>
					</TextLine>
					<TextLine ID="P2_TL00125" HPOS="1159" VPOS="4943" WIDTH="866" HEIGHT="54">
						<String ID="P2_ST00670" HPOS="1159" VPOS="4946" WIDTH="235" HEIGHT="50" CONTENT="including" WC="0.98" CC="272068589"/>
						<SP ID="P2_SP00544" HPOS="1394" VPOS="4997" WIDTH="65"/>
						<String ID="P2_ST00671" HPOS="1458" VPOS="4946" WIDTH="129" HEIGHT="39" CONTENT="hosts" WC="0.98" CC="45006"/>
						<SP ID="P2_SP00545" HPOS="1587" VPOS="4997" WIDTH="68"/>
						<String ID="P2_ST00672" HPOS="1655" VPOS="4945" WIDTH="46" HEIGHT="39" CONTENT="of" WC="0.63" CC="07"/>
						<SP ID="P2_SP00546" HPOS="1701" VPOS="4997" WIDTH="66"/>
						<String ID="P2_ST00673" HPOS="1767" VPOS="4943" WIDTH="258" HEIGHT="54" CONTENT="prominent" WC="0.98" CC="604916025"/>
					</TextLine>
					<TextLine ID="P2_TL00126" HPOS="1159" VPOS="5005" WIDTH="183" HEIGHT="36">
						<String ID="P2_ST00674" HPOS="1159" VPOS="5005" WIDTH="183" HEIGHT="36" CONTENT="alumni." WC="0.98" CC="4360520"/>
					</TextLine>
				</TextBlock>
				<TextBlock ID="P2_TB00018" HPOS="1157" VPOS="5057" WIDTH="872" HEIGHT="783" language="en" STYLEREFS="TXT_0 PAR_BLOCK">
					<TextLine ID="P2_TL00127" HPOS="1217" VPOS="5057" WIDTH="810" HEIGHT="54">
						<String ID="P2_ST00675" HPOS="1217" VPOS="5060" WIDTH="238" HEIGHT="41" CONTENT="President" WC="0.99" CC="100440070"/>
						<SP ID="P2_SP00547" HPOS="1455" VPOS="5101" WIDTH="58"/>
						<String ID="P2_ST00676" HPOS="1513" VPOS="5058" WIDTH="213" HEIGHT="52" CONTENT="Hopkins" WC="0.99" CC="5000260"/>
						<SP ID="P2_SP00548" HPOS="1726" VPOS="5110" WIDTH="28"/>
						<String ID="P2_ST00677" HPOS="1754" VPOS="5058" WIDTH="139" HEIGHT="39" CONTENT="heads" WC="0.98" CC="40606"/>
						<SP ID="P2_SP00549" HPOS="1893" VPOS="5110" WIDTH="60"/>
						<String ID="P2_ST00678" HPOS="1953" VPOS="5057" WIDTH="74" HEIGHT="38" CONTENT="the" WC="0.97" CC="060"/>
					</TextLine>
					<TextLine ID="P2_TL00128" HPOS="1159" VPOS="5113" WIDTH="866" HEIGHT="57">
						<String ID="P2_ST00679" HPOS="1159" VPOS="5118" WIDTH="107" HEIGHT="52" CONTENT="long" WC="0.96" CC="4067"/>
						<SP ID="P2_SP00550" HPOS="1266" VPOS="5170" WIDTH="22"/>
						<String ID="P2_ST00680" HPOS="1288" VPOS="5118" WIDTH="74" HEIGHT="39" CONTENT="list" WC="0.97" CC="6700"/>
						<SP ID="P2_SP00551" HPOS="1362" VPOS="5170" WIDTH="24"/>
						<String ID="P2_ST00681" HPOS="1386" VPOS="5117" WIDTH="46" HEIGHT="39" CONTENT="of" WC="0.68" CC="06"/>
						<SP ID="P2_SP00552" HPOS="1431" VPOS="5170" WIDTH="20"/>
						<String ID="P2_ST00682" HPOS="1452" VPOS="5123" WIDTH="173" HEIGHT="46" CONTENT="guests," WC="0.99" CC="7100000"/>
						<SP ID="P2_SP00553" HPOS="1625" VPOS="5170" WIDTH="24"/>
						<String ID="P2_ST00683" HPOS="1649" VPOS="5115" WIDTH="148" HEIGHT="39" CONTENT="which" WC="0.97" CC="95106"/>
						<SP ID="P2_SP00554" HPOS="1797" VPOS="5170" WIDTH="25"/>
						<String ID="P2_ST00684" HPOS="1822" VPOS="5113" WIDTH="203" HEIGHT="41" CONTENT="includes" WC="0.99" CC="16040305"/>
					</TextLine>
					<TextLine ID="P2_TL00129" HPOS="1162" VPOS="5170" WIDTH="865" HEIGHT="52">
						<String ID="P2_ST00685" HPOS="1162" VPOS="5175" WIDTH="235" HEIGHT="39" CONTENT="Governor" WC="0.98" CC="76600560"/>
						<SP ID="P2_SP00555" HPOS="1397" VPOS="5214" WIDTH="25"/>
						<String ID="P2_ST00686" HPOS="1422" VPOS="5173" WIDTH="195" HEIGHT="41" CONTENT="Bartlett" WC="1.00" CC="00001000"/>
						<SP ID="P2_SP00556" HPOS="1617" VPOS="5214" WIDTH="27"/>
						<String ID="P2_ST00687" HPOS="1644" VPOS="5172" WIDTH="46" HEIGHT="41" CONTENT="of" WC="0.71" CC="05"/>
						<SP ID="P2_SP00557" HPOS="1690" VPOS="5214" WIDTH="25"/>
						<String ID="P2_ST00688" HPOS="1715" VPOS="5173" WIDTH="113" HEIGHT="41" CONTENT="New" WC="0.98" CC="004"/>
						<SP ID="P2_SP00558" HPOS="1828" VPOS="5214" WIDTH="25"/>
						<String ID="P2_ST00689" HPOS="1854" VPOS="5170" WIDTH="139" HEIGHT="52" CONTENT="Hamp" SUBS_TYPE="HypPart1" SUBS_CONTENT="Hampshire," WC="0.98" CC="4206"/>
						<HYP HPOS="1992" VPOS="5170" WIDTH="35" CONTENT="-"/>
					</TextLine>
					<TextLine ID="P2_TL00130" HPOS="1162" VPOS="5227" WIDTH="866" HEIGHT="52">
						<String ID="P2_ST00690" HPOS="1162" VPOS="5231" WIDTH="131" HEIGHT="44" CONTENT="shire," SUBS_TYPE="HypPart2" SUBS_CONTENT="Hampshire," WC="0.99" CC="060430"/>
						<SP ID="P2_SP00559" HPOS="1293" VPOS="5276" WIDTH="71"/>
						<String ID="P2_ST00691" HPOS="1364" VPOS="5231" WIDTH="328" HEIGHT="39" CONTENT="Ex-Governor" WC="1.00" CC="06000000603"/>
						<SP ID="P2_SP00560" HPOS="1691" VPOS="5276" WIDTH="71"/>
						<String ID="P2_ST00692" HPOS="1762" VPOS="5227" WIDTH="266" HEIGHT="52" CONTENT="Spaulding," WC="0.99" CC="0060003493"/>
					</TextLine>
					<TextLine ID="P2_TL00131" HPOS="1162" VPOS="5283" WIDTH="866" HEIGHT="56">
						<String ID="P2_ST00693" HPOS="1162" VPOS="5288" WIDTH="150" HEIGHT="41" CONTENT="Coach" WC="0.98" CC="00727"/>
						<SP ID="P2_SP00561" HPOS="1312" VPOS="5329" WIDTH="61"/>
						<String ID="P2_ST00694" HPOS="1373" VPOS="5290" WIDTH="180" HEIGHT="49" CONTENT="Spears," WC="1.00" CC="0002000"/>
						<SP ID="P2_SP00562" HPOS="1553" VPOS="5339" WIDTH="30"/>
						<String ID="P2_ST00695" HPOS="1583" VPOS="5287" WIDTH="87" HEIGHT="41" CONTENT="and" WC="0.96" CC="560"/>
						<SP ID="P2_SP00563" HPOS="1669" VPOS="5339" WIDTH="33"/>
						<String ID="P2_ST00696" HPOS="1702" VPOS="5299" WIDTH="137" HEIGHT="36" CONTENT="many" WC="0.97" CC="3900"/>
						<SP ID="P2_SP00564" HPOS="1839" VPOS="5339" WIDTH="60"/>
						<String ID="P2_ST00697" HPOS="1899" VPOS="5283" WIDTH="129" HEIGHT="41" CONTENT="other" WC="0.99" CC="00005"/>
					</TextLine>
					<TextLine ID="P2_TL00132" HPOS="1162" VPOS="5342" WIDTH="866" HEIGHT="44">
						<String ID="P2_ST00698" HPOS="1162" VPOS="5361" WIDTH="99" HEIGHT="25" CONTENT="men" WC="0.98" CC="006"/>
						<SP ID="P2_SP00565" HPOS="1261" VPOS="5386" WIDTH="66"/>
						<String ID="P2_ST00699" HPOS="1328" VPOS="5345" WIDTH="99" HEIGHT="39" CONTENT="who" WC="0.96" CC="900"/>
						<SP ID="P2_SP00566" HPOS="1427" VPOS="5386" WIDTH="36"/>
						<String ID="P2_ST00700" HPOS="1463" VPOS="5345" WIDTH="113" HEIGHT="39" CONTENT="have" WC="0.97" CC="3900"/>
						<SP ID="P2_SP00567" HPOS="1576" VPOS="5386" WIDTH="61"/>
						<String ID="P2_ST00701" HPOS="1638" VPOS="5342" WIDTH="290" HEIGHT="41" CONTENT="contributed" WC="1.00" CC="00500106000"/>
						<SP ID="P2_SP00568" HPOS="1928" VPOS="5386" WIDTH="35"/>
						<String ID="P2_ST00702" HPOS="1962" VPOS="5348" WIDTH="44" HEIGHT="31" CONTENT="to" SUBS_TYPE="HypPart1" SUBS_CONTENT="toward" WC="0.98" CC="50"/>
						<HYP HPOS="2006" VPOS="5348" WIDTH="22" CONTENT="-"/>
					</TextLine>
					<TextLine ID="P2_TL00133" HPOS="1162" VPOS="5397" WIDTH="866" HEIGHT="55">
						<String ID="P2_ST00703" HPOS="1162" VPOS="5403" WIDTH="121" HEIGHT="39" CONTENT="ward" SUBS_TYPE="HypPart2" SUBS_CONTENT="toward" WC="0.99" CC="6000"/>
						<SP ID="P2_SP00569" HPOS="1283" VPOS="5443" WIDTH="33"/>
						<String ID="P2_ST00704" HPOS="1317" VPOS="5402" WIDTH="184" HEIGHT="50" CONTENT="making" WC="0.98" CC="040479"/>
						<SP ID="P2_SP00570" HPOS="1501" VPOS="5452" WIDTH="33"/>
						<String ID="P2_ST00705" HPOS="1534" VPOS="5398" WIDTH="279" HEIGHT="41" CONTENT="Dartmouth" WC="0.99" CC="070000105"/>
						<SP ID="P2_SP00571" HPOS="1813" VPOS="5452" WIDTH="30"/>
						<String ID="P2_ST00706" HPOS="1843" VPOS="5398" WIDTH="123" HEIGHT="39" CONTENT="what" WC="0.97" CC="9030"/>
						<SP ID="P2_SP00572" HPOS="1965" VPOS="5452" WIDTH="31"/>
						<String ID="P2_ST00707" HPOS="1997" VPOS="5397" WIDTH="31" HEIGHT="39" CONTENT="it" WC="0.71" CC="04"/>
					</TextLine>
					<TextLine ID="P2_TL00134" HPOS="1164" VPOS="5454" WIDTH="865" HEIGHT="55">
						<String ID="P2_ST00708" HPOS="1164" VPOS="5460" WIDTH="35" HEIGHT="41" CONTENT="is" WC="1.00" CC="00"/>
						<SP ID="P2_SP00573" HPOS="1198" VPOS="5501" WIDTH="41"/>
						<String ID="P2_ST00709" HPOS="1239" VPOS="5458" WIDTH="43" HEIGHT="41" CONTENT="in" WC="0.67" CC="06"/>
						<SP ID="P2_SP00574" HPOS="1282" VPOS="5501" WIDTH="41"/>
						<String ID="P2_ST00710" HPOS="1323" VPOS="5458" WIDTH="74" HEIGHT="41" CONTENT="the" WC="0.99" CC="010"/>
						<SP ID="P2_SP00575" HPOS="1397" VPOS="5501" WIDTH="39"/>
						<String ID="P2_ST00711" HPOS="1436" VPOS="5458" WIDTH="139" HEIGHT="41" CONTENT="realm" WC="0.99" CC="00900"/>
						<SP ID="P2_SP00576" HPOS="1575" VPOS="5501" WIDTH="39"/>
						<String ID="P2_ST00712" HPOS="1614" VPOS="5457" WIDTH="47" HEIGHT="39" CONTENT="of" WC="0.65" CC="07"/>
						<SP ID="P2_SP00577" HPOS="1661" VPOS="5501" WIDTH="39"/>
						<String ID="P2_ST00713" HPOS="1701" VPOS="5463" WIDTH="164" HEIGHT="46" CONTENT="sports." WC="1.00" CC="0000500"/>
						<SP ID="P2_SP00578" HPOS="1865" VPOS="5509" WIDTH="66"/>
						<String ID="P2_ST00714" HPOS="1931" VPOS="5454" WIDTH="98" HEIGHT="41" CONTENT="The" WC="0.99" CC="010"/>
					</TextLine>
					<TextLine ID="P2_TL00135" HPOS="1161" VPOS="5513" WIDTH="868" HEIGHT="54">
						<String ID="P2_ST00715" HPOS="1161" VPOS="5518" WIDTH="142" HEIGHT="38" CONTENT="entire" WC="0.99" CC="280000"/>
						<SP ID="P2_SP00579" HPOS="1302" VPOS="5556" WIDTH="39"/>
						<String ID="P2_ST00716" HPOS="1342" VPOS="5517" WIDTH="170" HEIGHT="50" CONTENT="college" WC="0.99" CC="4005090"/>
						<SP ID="P2_SP00580" HPOS="1512" VPOS="5567" WIDTH="41"/>
						<String ID="P2_ST00717" HPOS="1553" VPOS="5515" WIDTH="35" HEIGHT="38" CONTENT="is" WC="0.83" CC="30"/>
						<SP ID="P2_SP00581" HPOS="1587" VPOS="5567" WIDTH="38"/>
						<String ID="P2_ST00718" HPOS="1625" VPOS="5513" WIDTH="194" HEIGHT="39" CONTENT="anxious" WC="0.99" CC="6163000"/>
						<SP ID="P2_SP00582" HPOS="1819" VPOS="5567" WIDTH="38"/>
						<String ID="P2_ST00719" HPOS="1857" VPOS="5520" WIDTH="46" HEIGHT="33" CONTENT="to" WC="0.54" CC="90"/>
						<SP ID="P2_SP00583" HPOS="1902" VPOS="5567" WIDTH="38"/>
						<String ID="P2_ST00720" HPOS="1940" VPOS="5526" WIDTH="88" HEIGHT="36" CONTENT="pay" WC="0.99" CC="020"/>
					</TextLine>
					<TextLine ID="P2_TL00136" HPOS="1164" VPOS="5570" WIDTH="865" HEIGHT="55">
						<String ID="P2_ST00721" HPOS="1164" VPOS="5573" WIDTH="192" HEIGHT="52" CONTENT="homage" WC="0.98" CC="605570"/>
						<SP ID="P2_SP00584" HPOS="1356" VPOS="5625" WIDTH="44"/>
						<String ID="P2_ST00722" HPOS="1400" VPOS="5580" WIDTH="46" HEIGHT="31" CONTENT="to" WC="1.00" CC="00"/>
						<SP ID="P2_SP00585" HPOS="1446" VPOS="5625" WIDTH="46"/>
						<String ID="P2_ST00723" HPOS="1491" VPOS="5572" WIDTH="76" HEIGHT="39" CONTENT="the" WC="0.99" CC="020"/>
						<SP ID="P2_SP00586" HPOS="1567" VPOS="5625" WIDTH="43"/>
						<String ID="P2_ST00724" HPOS="1609" VPOS="5570" WIDTH="203" HEIGHT="52" CONTENT="gridiron" WC="0.98" CC="90466006"/>
						<SP ID="P2_SP00587" HPOS="1813" VPOS="5625" WIDTH="44"/>
						<String ID="P2_ST00725" HPOS="1857" VPOS="5570" WIDTH="172" HEIGHT="46" CONTENT="heroes," WC="1.00" CC="0040000"/>
					</TextLine>
					<TextLine ID="P2_TL00137" HPOS="1161" VPOS="5627" WIDTH="866" HEIGHT="54">
						<String ID="P2_ST00726" HPOS="1161" VPOS="5631" WIDTH="87" HEIGHT="39" CONTENT="and" WC="0.97" CC="070"/>
						<SP ID="P2_SP00588" HPOS="1247" VPOS="5671" WIDTH="27"/>
						<String ID="P2_ST00727" HPOS="1274" VPOS="5643" WIDTH="135" HEIGHT="38" CONTENT="every" WC="1.00" CC="01000"/>
						<SP ID="P2_SP00589" HPOS="1409" VPOS="5680" WIDTH="27"/>
						<String ID="P2_ST00728" HPOS="1436" VPOS="5628" WIDTH="134" HEIGHT="41" CONTENT="effort" WC="0.99" CC="068000"/>
						<SP ID="P2_SP00590" HPOS="1570" VPOS="5680" WIDTH="28"/>
						<String ID="P2_ST00729" HPOS="1598" VPOS="5628" WIDTH="36" HEIGHT="39" CONTENT="is" WC="0.74" CC="50"/>
						<SP ID="P2_SP00591" HPOS="1635" VPOS="5680" WIDTH="25"/>
						<String ID="P2_ST00730" HPOS="1660" VPOS="5627" WIDTH="137" HEIGHT="50" CONTENT="being" WC="0.97" CC="40469"/>
						<SP ID="P2_SP00592" HPOS="1797" VPOS="5680" WIDTH="27"/>
						<String ID="P2_ST00731" HPOS="1824" VPOS="5627" WIDTH="131" HEIGHT="39" CONTENT="made" WC="0.98" CC="7000"/>
						<SP ID="P2_SP00593" HPOS="1954" VPOS="5680" WIDTH="27"/>
						<String ID="P2_ST00732" HPOS="1981" VPOS="5631" WIDTH="46" HEIGHT="33" CONTENT="to" WC="1.00" CC="00"/>
					</TextLine>
					<TextLine ID="P2_TL00138" HPOS="1161" VPOS="5682" WIDTH="866" HEIGHT="54">
						<String ID="P2_ST00733" HPOS="1161" VPOS="5688" WIDTH="113" HEIGHT="39" CONTENT="have" WC="0.97" CC="0760"/>
						<SP ID="P2_SP00594" HPOS="1274" VPOS="5728" WIDTH="61"/>
						<String ID="P2_ST00734" HPOS="1335" VPOS="5685" WIDTH="74" HEIGHT="43" CONTENT="the" WC="0.98" CC="050"/>
						<SP ID="P2_SP00595" HPOS="1409" VPOS="5728" WIDTH="60"/>
						<String ID="P2_ST00735" HPOS="1469" VPOS="5685" WIDTH="200" HEIGHT="50" CONTENT="banquet" WC="0.99" CC="4000404"/>
						<SP ID="P2_SP00596" HPOS="1669" VPOS="5735" WIDTH="60"/>
						<String ID="P2_ST00736" HPOS="1729" VPOS="5696" WIDTH="85" HEIGHT="28" CONTENT="one" WC="1.00" CC="010"/>
						<SP ID="P2_SP00597" HPOS="1814" VPOS="5735" WIDTH="31"/>
						<String ID="P2_ST00737" HPOS="1846" VPOS="5682" WIDTH="46" HEIGHT="41" CONTENT="of" WC="0.65" CC="07"/>
						<SP ID="P2_SP00598" HPOS="1891" VPOS="5735" WIDTH="61"/>
						<String ID="P2_ST00738" HPOS="1953" VPOS="5682" WIDTH="74" HEIGHT="39" CONTENT="the" WC="0.98" CC="050"/>
					</TextLine>
					<TextLine ID="P2_TL00139" HPOS="1157" VPOS="5739" WIDTH="868" HEIGHT="58">
						<String ID="P2_ST00739" HPOS="1157" VPOS="5750" WIDTH="203" HEIGHT="47" CONTENT="greatest" WC="1.00" CC="70000000"/>
						<SP ID="P2_SP00599" HPOS="1361" VPOS="5797" WIDTH="31"/>
						<String ID="P2_ST00740" HPOS="1392" VPOS="5743" WIDTH="47" HEIGHT="41" CONTENT="of" WC="0.64" CC="07"/>
						<SP ID="P2_SP00600" HPOS="1439" VPOS="5797" WIDTH="35"/>
						<String ID="P2_ST00741" HPOS="1474" VPOS="5743" WIDTH="57" HEIGHT="39" CONTENT="its" WC="0.99" CC="300"/>
						<SP ID="P2_SP00601" HPOS="1531" VPOS="5797" WIDTH="35"/>
						<String ID="P2_ST00742" HPOS="1565" VPOS="5742" WIDTH="107" HEIGHT="39" CONTENT="kind" WC="0.99" CC="0050"/>
						<SP ID="P2_SP00602" HPOS="1672" VPOS="5797" WIDTH="33"/>
						<String ID="P2_ST00743" HPOS="1706" VPOS="5753" WIDTH="104" HEIGHT="28" CONTENT="ever" WC="0.99" CC="0501"/>
						<SP ID="P2_SP00603" HPOS="1809" VPOS="5797" WIDTH="35"/>
						<String ID="P2_ST00744" HPOS="1844" VPOS="5740" WIDTH="102" HEIGHT="39" CONTENT="held" WC="0.99" CC="0040"/>
						<SP ID="P2_SP00604" HPOS="1946" VPOS="5797" WIDTH="35"/>
						<String ID="P2_ST00745" HPOS="1981" VPOS="5739" WIDTH="44" HEIGHT="39" CONTENT="in" WC="0.44" CC="46"/>
					</TextLine>
					<TextLine ID="P2_TL00140" HPOS="1162" VPOS="5802" WIDTH="228" HEIGHT="38">
						<String ID="P2_ST00746" HPOS="1162" VPOS="5802" WIDTH="228" HEIGHT="38" CONTENT="Hanover." WC="0.99" CC="43040001"/>
					</TextLine>
				</TextBlock>
				<TextBlock ID="P2_TB00019" HPOS="309" VPOS="189" WIDTH="13" HEIGHT="20" language="en" STYLEREFS="TXT_0 PAR_LEFT">
					<TextLine ID="P2_TL00141" HPOS="309" VPOS="189" WIDTH="13" HEIGHT="20">
						<String ID="P2_ST00747" HPOS="309" VPOS="189" WIDTH="13" HEIGHT="20" CONTENT="2" WC="1.00" CC="0"/>
					</TextLine>
				</TextBlock>
				<TextBlock ID="P2_TB00020" HPOS="257" VPOS="298" WIDTH="872" HEIGHT="2296" language="en" STYLEREFS="TXT_5 PAR_LEFT">
					<TextLine ID="P2_TL00142" HPOS="298" VPOS="321" WIDTH="794" HEIGHT="81">
						<String ID="P2_ST00748" HPOS="298" VPOS="321" WIDTH="250" HEIGHT="80" CONTENT="BROWN" WC="0.98" CC="00606" STYLEREFS="TXT_6"/>
						<SP ID="P2_SP00605" HPOS="548" VPOS="402" WIDTH="30"/>
						<String ID="P2_ST00749" HPOS="578" VPOS="321" WIDTH="209" HEIGHT="77" CONTENT="DAILY" WC="0.97" CC="51750" STYLEREFS="TXT_6"/>
						<SP ID="P2_SP00606" HPOS="787" VPOS="402" WIDTH="35"/>
						<String ID="P2_ST00750" HPOS="822" VPOS="321" WIDTH="269" HEIGHT="77" CONTENT="HERALD" WC="0.97" CC="664357" STYLEREFS="TXT_6"/>
					</TextLine>
					<TextLine ID="P2_TL00143" HPOS="304" VPOS="428" WIDTH="825" HEIGHT="37">
						<String ID="P2_ST00751" HPOS="304" VPOS="430" WIDTH="175" HEIGHT="28" CONTENT="Established" WC="0.98" CC="88845447738"/>
						<SP ID="P2_SP00607" HPOS="479" VPOS="458" WIDTH="33"/>
						<String ID="P2_ST00752" HPOS="512" VPOS="431" WIDTH="79" HEIGHT="27" CONTENT="1891." WC="0.45" CC="76570"/>
						<SP ID="P2_SP00608" HPOS="591" VPOS="458" WIDTH="44"/>
						<String ID="P2_ST00753" HPOS="635" VPOS="430" WIDTH="153" HEIGHT="28" CONTENT="Published" WC="0.99" CC="202060704"/>
						<SP ID="P2_SP00609" HPOS="787" VPOS="458" WIDTH="27"/>
						<String ID="P2_ST00754" HPOS="814" VPOS="430" WIDTH="88" HEIGHT="35" CONTENT="daily," WC="0.98" CC="670504"/>
						<SP ID="P2_SP00610" HPOS="902" VPOS="465" WIDTH="28"/>
						<String ID="P2_ST00755" HPOS="931" VPOS="435" WIDTH="99" HEIGHT="28" CONTENT="except" WC="0.99" CC="020070"/>
						<SP ID="P2_SP00611" HPOS="1030" VPOS="465" WIDTH="27"/>
						<String ID="P2_ST00756" HPOS="1057" VPOS="428" WIDTH="55" HEIGHT="30" CONTENT="Sun" SUBS_TYPE="HypPart1" SUBS_CONTENT="Sunday," WC="0.98" CC="030"/>
						<HYP HPOS="1112" VPOS="428" WIDTH="17" CONTENT="-"/>
					</TextLine>
					<TextLine ID="P2_TL00144" HPOS="261" VPOS="477" WIDTH="610" HEIGHT="33">
						<String ID="P2_ST00757" HPOS="261" VPOS="480" WIDTH="66" HEIGHT="30" CONTENT="day," SUBS_TYPE="HypPart2" SUBS_CONTENT="Sunday," WC="0.96" CC="5770"/>
						<SP ID="P2_SP00612" HPOS="328" VPOS="510" WIDTH="27"/>
						<String ID="P2_ST00758" HPOS="354" VPOS="479" WIDTH="27" HEIGHT="25" CONTENT="in" WC="0.31" CC="67"/>
						<SP ID="P2_SP00613" HPOS="381" VPOS="510" WIDTH="31"/>
						<String ID="P2_ST00759" HPOS="413" VPOS="479" WIDTH="85" HEIGHT="27" CONTENT="Room" WC="0.95" CC="5747"/>
						<SP ID="P2_SP00614" HPOS="498" VPOS="510" WIDTH="31"/>
						<String ID="P2_ST00760" HPOS="529" VPOS="479" WIDTH="31" HEIGHT="31" CONTENT="B," WC="0.69" CC="60"/>
						<SP ID="P2_SP00615" HPOS="561" VPOS="510" WIDTH="27"/>
						<String ID="P2_ST00761" HPOS="587" VPOS="477" WIDTH="181" HEIGHT="28" CONTENT="Rockefeller" WC="0.99" CC="03630506704"/>
						<SP ID="P2_SP00616" HPOS="769" VPOS="510" WIDTH="27"/>
						<String ID="P2_ST00762" HPOS="795" VPOS="477" WIDTH="76" HEIGHT="28" CONTENT="Hall." WC="0.98" CC="40660"/>
					</TextLine>
					<TextLine ID="P2_TL00145" HPOS="422" VPOS="573" WIDTH="554" HEIGHT="52">
						<String ID="P2_ST00763" HPOS="422" VPOS="573" WIDTH="222" HEIGHT="41" CONTENT="Editorial" WC="0.99" CC="803002000" STYLEREFS="TXT_1"/>
						<SP ID="P2_SP00617" HPOS="644" VPOS="614" WIDTH="30"/>
						<String ID="P2_ST00764" HPOS="674" VPOS="575" WIDTH="302" HEIGHT="50" CONTENT="Department" WC="1.00" CC="0010600050" STYLEREFS="TXT_1"/>
					</TextLine>
					<TextLine ID="P2_TL00146" HPOS="556" VPOS="685" WIDTH="274" HEIGHT="33">
						<String ID="P2_ST00765" HPOS="556" VPOS="687" WIDTH="157" HEIGHT="31" CONTENT="Managing" WC="0.98" CC="75043043" STYLEREFS="TXT_7"/>
						<SP ID="P2_SP00618" HPOS="713" VPOS="718" WIDTH="22"/>
						<String ID="P2_ST00766" HPOS="735" VPOS="685" WIDTH="94" HEIGHT="28" CONTENT="Board" WC="0.98" CC="02253" STYLEREFS="TXT_7"/>
					</TextLine>
					<TextLine ID="P2_TL00147" HPOS="573" VPOS="743" WIDTH="246" HEIGHT="33">
						<String ID="P2_ST00767" HPOS="573" VPOS="743" WIDTH="246" HEIGHT="33" CONTENT="Editor-in-Chiej" WC="0.72" CC="100560052504035" STYLEREFS="TXT_7"/>
					</TextLine>
					<TextLine ID="P2_TL00148" HPOS="446" VPOS="798" WIDTH="498" HEIGHT="35">
						<String ID="P2_ST00768" HPOS="446" VPOS="802" WIDTH="31" HEIGHT="28" CONTENT="F." WC="0.49" CC="54"/>
						<SP ID="P2_SP00619" HPOS="477" VPOS="830" WIDTH="27"/>
						<String ID="P2_ST00769" HPOS="504" VPOS="802" WIDTH="33" HEIGHT="28" CONTENT="E." WC="0.83" CC="30"/>
						<SP ID="P2_SP00620" HPOS="537" VPOS="830" WIDTH="25"/>
						<String ID="P2_ST00770" HPOS="562" VPOS="798" WIDTH="312" HEIGHT="35" CONTENT="SCHOENEWEISS," WC="0.81" CC="0046120000134"/>
						<SP ID="P2_SP00621" HPOS="874" VPOS="833" WIDTH="24"/>
						<String ID="P2_ST00771" HPOS="898" VPOS="798" WIDTH="46" HEIGHT="28" CONTENT="’2O" WC="0.55" CC="805"/>
					</TextLine>
					<TextLine ID="P2_TL00149" HPOS="261" VPOS="846" WIDTH="861" HEIGHT="33">
						<String ID="P2_ST00772" HPOS="261" VPOS="849" WIDTH="24" HEIGHT="30" CONTENT="J." WC="0.60" CC="70"/>
						<SP ID="P2_SP00622" HPOS="285" VPOS="879" WIDTH="33"/>
						<String ID="P2_ST00773" HPOS="318" VPOS="849" WIDTH="35" HEIGHT="30" CONTENT="Q." WC="0.28" CC="94"/>
						<SP ID="P2_SP00623" HPOS="353" VPOS="879" WIDTH="35"/>
						<String ID="P2_ST00774" HPOS="387" VPOS="847" WIDTH="167" HEIGHT="31" CONTENT="DEALEY," WC="0.55" CC="6805504"/>
						<SP ID="P2_SP00624" HPOS="554" VPOS="879" WIDTH="33"/>
						<String ID="P2_ST00775" HPOS="587" VPOS="846" WIDTH="47" HEIGHT="28" CONTENT="’2O" WC="0.99" CC="000"/>
						<SP ID="P2_SP00625" HPOS="635" VPOS="879" WIDTH="216"/>
						<String ID="P2_ST00776" HPOS="850" VPOS="846" WIDTH="157" HEIGHT="33" CONTENT="Managing" WC="0.98" CC="10245780"/>
						<SP ID="P2_SP00626" HPOS="1008" VPOS="879" WIDTH="24"/>
						<String ID="P2_ST00777" HPOS="1031" VPOS="846" WIDTH="91" HEIGHT="27" CONTENT="Editoi" WC="0.35" CC="596447"/>
					</TextLine>
					<TextLine ID="P2_TL00150" HPOS="265" VPOS="880" WIDTH="863" HEIGHT="37">
						<String ID="P2_ST00778" HPOS="265" VPOS="883" WIDTH="28" HEIGHT="27" CONTENT="t." WC="0.78" CC="40"/>
						<SP ID="P2_SP00627" HPOS="293" VPOS="910" WIDTH="35"/>
						<String ID="P2_ST00779" HPOS="328" VPOS="885" WIDTH="30" HEIGHT="25" CONTENT="R." WC="0.69" CC="60"/>
						<SP ID="P2_SP00628" HPOS="357" VPOS="910" WIDTH="30"/>
						<String ID="P2_ST00780" HPOS="387" VPOS="882" WIDTH="211" HEIGHT="35" CONTENT="STEPHENS," WC="0.98" CC="876765506"/>
						<SP ID="P2_SP00629" HPOS="598" VPOS="917" WIDTH="28"/>
						<String ID="P2_ST00781" HPOS="627" VPOS="882" WIDTH="47" HEIGHT="28" CONTENT="’2O" WC="0.82" CC="005"/>
						<SP ID="P2_SP00630" HPOS="674" VPOS="917" WIDTH="175"/>
						<String ID="P2_ST00782" HPOS="849" VPOS="880" WIDTH="159" HEIGHT="35" CONTENT="Managing" WC="0.98" CC="59160781"/>
						<SP ID="P2_SP00631" HPOS="1008" VPOS="917" WIDTH="22"/>
						<String ID="P2_ST00783" HPOS="1030" VPOS="880" WIDTH="98" HEIGHT="28" CONTENT="Editor" WC="0.98" CC="007046"/>
					</TextLine>
					<TextLine ID="P2_TL00151" HPOS="546" VPOS="953" WIDTH="294" HEIGHT="28">
						<String ID="P2_ST00784" HPOS="546" VPOS="953" WIDTH="145" HEIGHT="28" CONTENT="Associate" WC="0.99" CC="055730016" STYLEREFS="TXT_7"/>
						<SP ID="P2_SP00632" HPOS="691" VPOS="981" WIDTH="36"/>
						<String ID="P2_ST00785" HPOS="728" VPOS="953" WIDTH="112" HEIGHT="27" CONTENT="Editors" WC="0.99" CC="1004245" STYLEREFS="TXT_7"/>
					</TextLine>
					<TextLine ID="P2_TL00152" HPOS="271" VPOS="997" WIDTH="854" HEIGHT="36">
						<String ID="P2_ST00786" HPOS="271" VPOS="1003" WIDTH="20" HEIGHT="24" CONTENT="K." WC="0.51" CC="54"/>
						<SP ID="P2_SP00633" HPOS="291" VPOS="1027" WIDTH="36"/>
						<String ID="P2_ST00787" HPOS="328" VPOS="1002" WIDTH="35" HEIGHT="27" CONTENT="D." WC="0.81" CC="30"/>
						<SP ID="P2_SP00634" HPOS="362" VPOS="1028" WIDTH="24"/>
						<String ID="P2_ST00788" HPOS="386" VPOS="1002" WIDTH="140" HEIGHT="31" CONTENT="Johnson," WC="0.98" CC="64700572"/>
						<SP ID="P2_SP00635" HPOS="526" VPOS="1033" WIDTH="24"/>
						<String ID="P2_ST00789" HPOS="550" VPOS="1000" WIDTH="44" HEIGHT="27" CONTENT="’l9" WC="0.47" CC="059"/>
						<SP ID="P2_SP00636" HPOS="594" VPOS="1033" WIDTH="250"/>
						<String ID="P2_ST00790" HPOS="844" VPOS="1000" WIDTH="43" HEIGHT="28" CONTENT="W." WC="0.89" CC="02"/>
						<SP ID="P2_SP00637" HPOS="887" VPOS="1033" WIDTH="24"/>
						<String ID="P2_ST00791" HPOS="910" VPOS="1000" WIDTH="43" HEIGHT="28" CONTENT="W." WC="0.81" CC="03"/>
						<SP ID="P2_SP00638" HPOS="953" VPOS="1033" WIDTH="27"/>
						<String ID="P2_ST00792" HPOS="980" VPOS="1000" WIDTH="77" HEIGHT="31" CONTENT="Hall," WC="0.96" CC="49664"/>
						<SP ID="P2_SP00639" HPOS="1057" VPOS="1033" WIDTH="24"/>
						<String ID="P2_ST00793" HPOS="1080" VPOS="997" WIDTH="44" HEIGHT="30" CONTENT="’2l" WC="0.70" CC="034"/>
					</TextLine>
					<TextLine ID="P2_TL00153" HPOS="266" VPOS="1035" WIDTH="854" HEIGHT="33">
						<String ID="P2_ST00794" HPOS="266" VPOS="1038" WIDTH="27" HEIGHT="25" CONTENT="L." WC="0.47" CC="73"/>
						<SP ID="P2_SP00640" HPOS="293" VPOS="1063" WIDTH="25"/>
						<String ID="P2_ST00795" HPOS="318" VPOS="1038" WIDTH="31" HEIGHT="27" CONTENT="P." WC="0.52" CC="72"/>
						<SP ID="P2_SP00641" HPOS="350" VPOS="1065" WIDTH="22"/>
						<String ID="P2_ST00796" HPOS="372" VPOS="1036" WIDTH="115" HEIGHT="31" CONTENT="Atkins," WC="0.99" CC="2060004"/>
						<SP ID="P2_SP00642" HPOS="487" VPOS="1068" WIDTH="24"/>
						<String ID="P2_ST00797" HPOS="510" VPOS="1035" WIDTH="46" HEIGHT="28" CONTENT="’2O" WC="0.94" CC="001"/>
						<SP ID="P2_SP00643" HPOS="556" VPOS="1068" WIDTH="280"/>
						<String ID="P2_ST00798" HPOS="836" VPOS="1038" WIDTH="30" HEIGHT="27" CONTENT="R." WC="0.47" CC="64"/>
						<SP ID="P2_SP00644" HPOS="866" VPOS="1068" WIDTH="35"/>
						<String ID="P2_ST00799" HPOS="901" VPOS="1038" WIDTH="28" HEIGHT="27" CONTENT="P." WC="0.42" CC="91"/>
						<SP ID="P2_SP00645" HPOS="929" VPOS="1068" WIDTH="28"/>
						<String ID="P2_ST00800" HPOS="957" VPOS="1036" WIDTH="96" HEIGHT="31" CONTENT="Jones," WC="0.98" CC="678003"/>
						<SP ID="P2_SP00646" HPOS="1054" VPOS="1068" WIDTH="24"/>
						<String ID="P2_ST00801" HPOS="1077" VPOS="1035" WIDTH="43" HEIGHT="27" CONTENT="'2l" WC="1.00" CC="000"/>
					</TextLine>
					<TextLine ID="P2_TL00154" HPOS="265" VPOS="1071" WIDTH="857" HEIGHT="31">
						<String ID="P2_ST00802" HPOS="265" VPOS="1074" WIDTH="33" HEIGHT="24" CONTENT="H." WC="0.57" CC="80"/>
						<SP ID="P2_SP00647" HPOS="298" VPOS="1098" WIDTH="27"/>
						<String ID="P2_ST00803" HPOS="324" VPOS="1072" WIDTH="39" HEIGHT="25" CONTENT="M." WC="0.41" CC="74"/>
						<SP ID="P2_SP00648" HPOS="364" VPOS="1098" WIDTH="25"/>
						<String ID="P2_ST00804" HPOS="389" VPOS="1071" WIDTH="110" HEIGHT="31" CONTENT="Bailey," WC="0.98" CC="7963404"/>
						<SP ID="P2_SP00649" HPOS="499" VPOS="1102" WIDTH="22"/>
						<String ID="P2_ST00805" HPOS="521" VPOS="1071" WIDTH="47" HEIGHT="27" CONTENT="’2O" WC="0.70" CC="071"/>
						<SP ID="P2_SP00650" HPOS="569" VPOS="1102" WIDTH="238"/>
						<String ID="P2_ST00806" HPOS="806" VPOS="1074" WIDTH="31" HEIGHT="25" CONTENT="R." WC="0.46" CC="73"/>
						<SP ID="P2_SP00651" HPOS="838" VPOS="1102" WIDTH="25"/>
						<String ID="P2_ST00807" HPOS="863" VPOS="1074" WIDTH="27" HEIGHT="25" CONTENT="S." WC="0.62" CC="70"/>
						<SP ID="P2_SP00652" HPOS="890" VPOS="1102" WIDTH="30"/>
						<String ID="P2_ST00808" HPOS="920" VPOS="1071" WIDTH="135" HEIGHT="31" CONTENT="Kimball," WC="0.98" CC="74047062"/>
						<SP ID="P2_SP00653" HPOS="1055" VPOS="1102" WIDTH="25"/>
						<String ID="P2_ST00809" HPOS="1080" VPOS="1071" WIDTH="41" HEIGHT="27" CONTENT="’2l" WC="0.72" CC="080"/>
					</TextLine>
					<TextLine ID="P2_TL00155" HPOS="260" VPOS="1106" WIDTH="862" HEIGHT="33">
						<String ID="P2_ST00810" HPOS="260" VPOS="1107" WIDTH="24" HEIGHT="30" CONTENT="J." WC="0.33" CC="84"/>
						<SP ID="P2_SP00654" HPOS="283" VPOS="1137" WIDTH="31"/>
						<String ID="P2_ST00811" HPOS="315" VPOS="1107" WIDTH="36" HEIGHT="27" CONTENT="H." WC="0.54" CC="53"/>
						<SP ID="P2_SP00655" HPOS="351" VPOS="1137" WIDTH="28"/>
						<String ID="P2_ST00812" HPOS="380" VPOS="1106" WIDTH="110" HEIGHT="31" CONTENT="Coveil," WC="0.99" CC="0611060"/>
						<SP ID="P2_SP00656" HPOS="490" VPOS="1137" WIDTH="28"/>
						<String ID="P2_ST00813" HPOS="518" VPOS="1106" WIDTH="46" HEIGHT="28" CONTENT="’2O" WC="1.00" CC="000"/>
						<SP ID="P2_SP00657" HPOS="564" VPOS="1137" WIDTH="250"/>
						<String ID="P2_ST00814" HPOS="814" VPOS="1107" WIDTH="30" HEIGHT="28" CONTENT="E." WC="0.73" CC="13"/>
						<SP ID="P2_SP00658" HPOS="844" VPOS="1137" WIDTH="25"/>
						<String ID="P2_ST00815" HPOS="869" VPOS="1109" WIDTH="31" HEIGHT="27" CONTENT="A." WC="0.44" CC="64"/>
						<SP ID="P2_SP00659" HPOS="901" VPOS="1137" WIDTH="31"/>
						<String ID="P2_ST00816" HPOS="932" VPOS="1107" WIDTH="123" HEIGHT="31" CONTENT="Minard," WC="0.64" CC="7146004"/>
						<SP ID="P2_SP00660" HPOS="1055" VPOS="1139" WIDTH="24"/>
						<String ID="P2_ST00817" HPOS="1079" VPOS="1106" WIDTH="43" HEIGHT="28" CONTENT="’2l" WC="0.82" CC="005"/>
					</TextLine>
					<TextLine ID="P2_TL00156" HPOS="265" VPOS="1142" WIDTH="855" HEIGHT="33">
						<String ID="P2_ST00818" HPOS="265" VPOS="1143" WIDTH="39" HEIGHT="27" CONTENT="M." WC="0.42" CC="64"/>
						<SP ID="P2_SP00661" HPOS="304" VPOS="1170" WIDTH="28"/>
						<String ID="P2_ST00819" HPOS="332" VPOS="1143" WIDTH="38" HEIGHT="27" CONTENT="N." WC="0.64" CC="33"/>
						<SP ID="P2_SP00662" HPOS="370" VPOS="1170" WIDTH="30"/>
						<String ID="P2_ST00820" HPOS="400" VPOS="1143" WIDTH="117" HEIGHT="31" CONTENT="Fulton," WC="0.98" CC="4311564"/>
						<SP ID="P2_SP00663" HPOS="517" VPOS="1175" WIDTH="28"/>
						<String ID="P2_ST00821" HPOS="545" VPOS="1142" WIDTH="44" HEIGHT="28" CONTENT="’2O" WC="0.70" CC="043"/>
						<SP ID="P2_SP00664" HPOS="589" VPOS="1175" WIDTH="233"/>
						<String ID="P2_ST00822" HPOS="822" VPOS="1145" WIDTH="30" HEIGHT="25" CONTENT="R." WC="0.64" CC="52"/>
						<SP ID="P2_SP00665" HPOS="852" VPOS="1175" WIDTH="31"/>
						<String ID="P2_ST00823" HPOS="883" VPOS="1145" WIDTH="35" HEIGHT="27" CONTENT="G." WC="0.61" CC="52"/>
						<SP ID="P2_SP00666" HPOS="918" VPOS="1175" WIDTH="30"/>
						<String ID="P2_ST00824" HPOS="948" VPOS="1145" WIDTH="106" HEIGHT="30" CONTENT="Noyes," WC="0.98" CC="920204"/>
						<SP ID="P2_SP00667" HPOS="1054" VPOS="1175" WIDTH="24"/>
						<String ID="P2_ST00825" HPOS="1077" VPOS="1142" WIDTH="43" HEIGHT="28" CONTENT="’2l" WC="0.66" CC="064"/>
					</TextLine>
					<TextLine ID="P2_TL00157" HPOS="263" VPOS="1178" WIDTH="858" HEIGHT="35">
						<String ID="P2_ST00826" HPOS="263" VPOS="1180" WIDTH="35" HEIGHT="25" CONTENT="EF." WC="0.36" CC="774"/>
						<SP ID="P2_SP00668" HPOS="298" VPOS="1205" WIDTH="28"/>
						<String ID="P2_ST00827" HPOS="326" VPOS="1180" WIDTH="27" HEIGHT="31" CONTENT="J." WC="0.84" CC="03"/>
						<SP ID="P2_SP00669" HPOS="353" VPOS="1211" WIDTH="30"/>
						<String ID="P2_ST00828" HPOS="383" VPOS="1180" WIDTH="76" HEIGHT="31" CONTENT="Hall," WC="0.97" CC="07753"/>
						<SP ID="P2_SP00670" HPOS="458" VPOS="1211" WIDTH="31"/>
						<String ID="P2_ST00829" HPOS="490" VPOS="1178" WIDTH="46" HEIGHT="27" CONTENT="’2O" WC="0.82" CC="013"/>
						<SP ID="P2_SP00671" HPOS="535" VPOS="1211" WIDTH="247"/>
						<String ID="P2_ST00830" HPOS="783" VPOS="1181" WIDTH="35" HEIGHT="25" CONTENT="H." WC="0.60" CC="70"/>
						<SP ID="P2_SP00672" HPOS="817" VPOS="1211" WIDTH="22"/>
						<String ID="P2_ST00831" HPOS="839" VPOS="1180" WIDTH="44" HEIGHT="27" CONTENT="W." WC="0.93" CC="01"/>
						<SP ID="P2_SP00673" HPOS="883" VPOS="1211" WIDTH="25"/>
						<String ID="P2_ST00832" HPOS="909" VPOS="1180" WIDTH="146" HEIGHT="33" CONTENT="Peterson," WC="0.99" CC="703007004"/>
						<SP ID="P2_SP00674" HPOS="1055" VPOS="1213" WIDTH="22"/>
						<String ID="P2_ST00833" HPOS="1077" VPOS="1178" WIDTH="44" HEIGHT="27" CONTENT="’2l" WC="0.81" CC="005"/>
					</TextLine>
					<TextLine ID="P2_TL00158" HPOS="260" VPOS="1214" WIDTH="860" HEIGHT="33">
						<String ID="P2_ST00834" HPOS="260" VPOS="1214" WIDTH="27" HEIGHT="28" CONTENT="S." WC="0.93" CC="01"/>
						<SP ID="P2_SP00675" HPOS="287" VPOS="1243" WIDTH="28"/>
						<String ID="P2_ST00835" HPOS="315" VPOS="1214" WIDTH="43" HEIGHT="28" CONTENT="W." WC="0.69" CC="23"/>
						<SP ID="P2_SP00676" HPOS="357" VPOS="1243" WIDTH="28"/>
						<String ID="P2_ST00836" HPOS="386" VPOS="1214" WIDTH="110" HEIGHT="33" CONTENT="Hilton," WC="0.98" CC="1535564"/>
						<SP ID="P2_SP00677" HPOS="496" VPOS="1247" WIDTH="30"/>
						<String ID="P2_ST00837" HPOS="526" VPOS="1214" WIDTH="44" HEIGHT="27" CONTENT="’2O" WC="0.61" CC="073"/>
						<SP ID="P2_SP00678" HPOS="570" VPOS="1247" WIDTH="208"/>
						<String ID="P2_ST00838" HPOS="778" VPOS="1216" WIDTH="31" HEIGHT="27" CONTENT="D." WC="0.65" CC="33"/>
						<SP ID="P2_SP00679" HPOS="809" VPOS="1247" WIDTH="30"/>
						<String ID="P2_ST00839" HPOS="839" VPOS="1217" WIDTH="31" HEIGHT="25" CONTENT="R." WC="0.57" CC="43"/>
						<SP ID="P2_SP00680" HPOS="871" VPOS="1247" WIDTH="30"/>
						<String ID="P2_ST00840" HPOS="901" VPOS="1214" WIDTH="154" HEIGHT="33" CONTENT="Pinkham," WC="0.50" CC="66361832"/>
						<SP ID="P2_SP00681" HPOS="1055" VPOS="1247" WIDTH="24"/>
						<String ID="P2_ST00841" HPOS="1079" VPOS="1214" WIDTH="41" HEIGHT="25" CONTENT="’2l" WC="0.30" CC="847"/>
					</TextLine>
					<TextLine ID="P2_TL00159" HPOS="263" VPOS="1249" WIDTH="857" HEIGHT="35">
						<String ID="P2_ST00842" HPOS="263" VPOS="1252" WIDTH="30" HEIGHT="25" CONTENT="E." WC="0.60" CC="61"/>
						<SP ID="P2_SP00682" HPOS="293" VPOS="1277" WIDTH="28"/>
						<String ID="P2_ST00843" HPOS="321" VPOS="1250" WIDTH="30" HEIGHT="28" CONTENT="P." WC="0.86" CC="02"/>
						<SP ID="P2_SP00683" HPOS="351" VPOS="1279" WIDTH="25"/>
						<String ID="P2_ST00844" HPOS="376" VPOS="1250" WIDTH="135" HEIGHT="33" CONTENT="Jackson," WC="0.99" CC="07060704"/>
						<SP ID="P2_SP00684" HPOS="512" VPOS="1283" WIDTH="24"/>
						<String ID="P2_ST00845" HPOS="535" VPOS="1249" WIDTH="46" HEIGHT="28" CONTENT="’2O" WC="1.00" CC="000"/>
						<SP ID="P2_SP00685" HPOS="581" VPOS="1283" WIDTH="258"/>
						<String ID="P2_ST00846" HPOS="839" VPOS="1250" WIDTH="30" HEIGHT="28" CONTENT="F." WC="0.79" CC="04"/>
						<SP ID="P2_SP00686" HPOS="869" VPOS="1283" WIDTH="22"/>
						<String ID="P2_ST00847" HPOS="891" VPOS="1250" WIDTH="44" HEIGHT="27" CONTENT="W." WC="0.79" CC="04"/>
						<SP ID="P2_SP00687" HPOS="935" VPOS="1283" WIDTH="25"/>
						<String ID="P2_ST00848" HPOS="961" VPOS="1250" WIDTH="102" HEIGHT="31" CONTENT="Brack," WC="0.99" CC="450001"/>
						<SP ID="P2_SP00688" HPOS="1063" VPOS="1283" WIDTH="14"/>
						<String ID="P2_ST00849" HPOS="1077" VPOS="1249" WIDTH="6" HEIGHT="35" CONTENT="?" STYLE="superscript" WC="0.61" CC="3"/>
						<String ID="P2_ST00850" HPOS="1087" VPOS="1249" WIDTH="33" HEIGHT="27" CONTENT="22" WC="0.46" CC="54"/>
					</TextLine>
					<TextLine ID="P2_TL00160" HPOS="263" VPOS="1283" WIDTH="857" HEIGHT="35">
						<String ID="P2_ST00851" HPOS="263" VPOS="1287" WIDTH="30" HEIGHT="27" CONTENT="E." WC="0.48" CC="63"/>
						<SP ID="P2_SP00689" HPOS="293" VPOS="1313" WIDTH="27"/>
						<String ID="P2_ST00852" HPOS="320" VPOS="1288" WIDTH="33" HEIGHT="25" CONTENT="A." WC="0.65" CC="24"/>
						<SP ID="P2_SP00690" HPOS="353" VPOS="1313" WIDTH="24"/>
						<String ID="P2_ST00853" HPOS="376" VPOS="1287" WIDTH="132" HEIGHT="31" CONTENT="Jenckes," WC="0.75" CC="02600361"/>
						<SP ID="P2_SP00691" HPOS="509" VPOS="1318" WIDTH="27"/>
						<String ID="P2_ST00854" HPOS="535" VPOS="1285" WIDTH="46" HEIGHT="28" CONTENT="’2O" WC="0.81" CC="005"/>
						<SP ID="P2_SP00692" HPOS="581" VPOS="1318" WIDTH="263"/>
						<String ID="P2_ST00855" HPOS="844" VPOS="1285" WIDTH="33" HEIGHT="28" CONTENT="C." WC="1.00" CC="00"/>
						<SP ID="P2_SP00693" HPOS="877" VPOS="1318" WIDTH="24"/>
						<String ID="P2_ST00856" HPOS="901" VPOS="1285" WIDTH="44" HEIGHT="27" CONTENT="M." WC="0.78" CC="30"/>
						<SP ID="P2_SP00694" HPOS="945" VPOS="1318" WIDTH="24"/>
						<String ID="P2_ST00857" HPOS="969" VPOS="1283" WIDTH="93" HEIGHT="33" CONTENT="Eddy," WC="0.99" CC="20004"/>
						<SP ID="P2_SP00695" HPOS="1061" VPOS="1318" WIDTH="14"/>
						<String ID="P2_ST00858" HPOS="1076" VPOS="1283" WIDTH="44" HEIGHT="27" CONTENT="’22" WC="1.00" CC="000"/>
					</TextLine>
					<TextLine ID="P2_TL00161" HPOS="265" VPOS="1318" WIDTH="855" HEIGHT="36">
						<String ID="P2_ST00859" HPOS="265" VPOS="1324" WIDTH="28" HEIGHT="25" CONTENT="R." WC="0.69" CC="60"/>
						<SP ID="P2_SP00696" HPOS="293" VPOS="1350" WIDTH="28"/>
						<String ID="P2_ST00860" HPOS="321" VPOS="1323" WIDTH="31" HEIGHT="28" CONTENT="R." WC="0.68" CC="14"/>
						<SP ID="P2_SP00697" HPOS="353" VPOS="1351" WIDTH="30"/>
						<String ID="P2_ST00861" HPOS="383" VPOS="1323" WIDTH="159" HEIGHT="31" CONTENT="Baldridge," WC="1.00" CC="0500001070"/>
						<SP ID="P2_SP00698" HPOS="542" VPOS="1354" WIDTH="27"/>
						<String ID="P2_ST00862" HPOS="569" VPOS="1321" WIDTH="41" HEIGHT="28" CONTENT="’2l" WC="0.69" CC="062"/>
						<SP ID="P2_SP00699" HPOS="609" VPOS="1354" WIDTH="198"/>
						<String ID="P2_ST00863" HPOS="808" VPOS="1320" WIDTH="101" HEIGHT="28" CONTENT="W.-C." WC="0.72" CC="02424"/>
						<SP ID="P2_SP00700" HPOS="909" VPOS="1354" WIDTH="25"/>
						<String ID="P2_ST00864" HPOS="934" VPOS="1320" WIDTH="120" HEIGHT="33" CONTENT="Greene," WC="0.99" CC="0008604"/>
						<SP ID="P2_SP00701" HPOS="1054" VPOS="1354" WIDTH="22"/>
						<String ID="P2_ST00865" HPOS="1076" VPOS="1318" WIDTH="44" HEIGHT="27" CONTENT="’22" WC="1.00" CC="000"/>
					</TextLine>
					<TextLine ID="P2_TL00162" HPOS="263" VPOS="1353" WIDTH="856" HEIGHT="38">
						<String ID="P2_ST00866" HPOS="263" VPOS="1359" WIDTH="31" HEIGHT="27" CONTENT="G." WC="1.00" CC="00"/>
						<SP ID="P2_SP00702" HPOS="294" VPOS="1386" WIDTH="28"/>
						<String ID="P2_ST00867" HPOS="323" VPOS="1359" WIDTH="28" HEIGHT="27" CONTENT="F." WC="0.60" CC="43"/>
						<SP ID="P2_SP00703" HPOS="351" VPOS="1386" WIDTH="27"/>
						<String ID="P2_ST00868" HPOS="378" VPOS="1359" WIDTH="79" HEIGHT="31" CONTENT="Burr," WC="0.98" CC="50063"/>
						<SP ID="P2_SP00704" HPOS="457" VPOS="1391" WIDTH="25"/>
						<String ID="P2_ST00869" HPOS="482" VPOS="1357" WIDTH="43" HEIGHT="28" CONTENT="’2l" WC="0.83" CC="004"/>
						<SP ID="P2_SP00705" HPOS="524" VPOS="1391" WIDTH="288"/>
						<String ID="P2_ST00870" HPOS="813" VPOS="1357" WIDTH="36" HEIGHT="25" CONTENT="H." WC="0.69" CC="60"/>
						<SP ID="P2_SP00706" HPOS="849" VPOS="1391" WIDTH="24"/>
						<String ID="P2_ST00871" HPOS="872" VPOS="1354" WIDTH="180" HEIGHT="33" CONTENT="Madowsky," WC="0.73" CC="400661004"/>
						<SP ID="P2_SP00707" HPOS="1052" VPOS="1391" WIDTH="24"/>
						<String ID="P2_ST00872" HPOS="1076" VPOS="1353" WIDTH="43" HEIGHT="28" CONTENT="’22" WC="1.00" CC="000"/>
					</TextLine>
					<TextLine ID="P2_TL00163" HPOS="261" VPOS="1389" WIDTH="857" HEIGHT="36">
						<String ID="P2_ST00873" HPOS="261" VPOS="1395" WIDTH="28" HEIGHT="27" CONTENT="F." WC="0.41" CC="74"/>
						<SP ID="P2_SP00708" HPOS="290" VPOS="1422" WIDTH="25"/>
						<String ID="P2_ST00874" HPOS="315" VPOS="1394" WIDTH="41" HEIGHT="28" CONTENT="W." WC="0.77" CC="40"/>
						<SP ID="P2_SP00709" HPOS="356" VPOS="1422" WIDTH="27"/>
						<String ID="P2_ST00875" HPOS="383" VPOS="1392" WIDTH="131" HEIGHT="33" CONTENT="Buswell," WC="0.69" CC="32010374"/>
						<SP ID="P2_SP00710" HPOS="513" VPOS="1425" WIDTH="24"/>
						<String ID="P2_ST00876" HPOS="537" VPOS="1392" WIDTH="43" HEIGHT="27" CONTENT="’2l" WC="0.58" CC="083"/>
						<SP ID="P2_SP00711" HPOS="580" VPOS="1425" WIDTH="214"/>
						<String ID="P2_ST00877" HPOS="794" VPOS="1391" WIDTH="33" HEIGHT="28" CONTENT="C." WC="0.78" CC="04"/>
						<SP ID="P2_SP00712" HPOS="827" VPOS="1425" WIDTH="22"/>
						<String ID="P2_ST00878" HPOS="849" VPOS="1389" WIDTH="27" HEIGHT="28" CONTENT="S." WC="0.78" CC="04"/>
						<SP ID="P2_SP00713" HPOS="876" VPOS="1425" WIDTH="25"/>
						<String ID="P2_ST00879" HPOS="901" VPOS="1389" WIDTH="151" HEIGHT="33" CONTENT="Newhard," WC="0.79" CC="50540001"/>
						<SP ID="P2_SP00714" HPOS="1052" VPOS="1425" WIDTH="25"/>
						<String ID="P2_ST00880" HPOS="1077" VPOS="1389" WIDTH="41" HEIGHT="27" CONTENT="’22" WC="0.87" CC="030"/>
					</TextLine>
					<TextLine ID="P2_TL00164" HPOS="524" VPOS="1425" WIDTH="328" HEIGHT="30">
						<String ID="P2_ST00881" HPOS="524" VPOS="1428" WIDTH="44" HEIGHT="27" CONTENT="W." WC="0.60" CC="34" STYLEREFS="TXT_4"/>
						<SP ID="P2_SP00715" HPOS="569" VPOS="1455" WIDTH="24"/>
						<String ID="P2_ST00882" HPOS="592" VPOS="1428" WIDTH="30" HEIGHT="27" CONTENT="F." WC="0.75" CC="22"/>
						<SP ID="P2_SP00716" HPOS="622" VPOS="1455" WIDTH="24"/>
						<String ID="P2_ST00883" HPOS="646" VPOS="1427" WIDTH="142" HEIGHT="28" CONTENT="Williams" WC="0.98" CC="33137747"/>
						<SP ID="P2_SP00717" HPOS="787" VPOS="1455" WIDTH="22"/>
						<String ID="P2_ST00884" HPOS="809" VPOS="1425" WIDTH="43" HEIGHT="28" CONTENT="’22" WC="0.52" CC="246"/>
					</TextLine>
					<TextLine ID="P2_TL00165" HPOS="416" VPOS="1502" WIDTH="554" HEIGHT="50">
						<String ID="P2_ST00885" HPOS="416" VPOS="1502" WIDTH="219" HEIGHT="41" CONTENT="Business" WC="0.99" CC="61023000" STYLEREFS="TXT_1"/>
						<SP ID="P2_SP00718" HPOS="635" VPOS="1543" WIDTH="35"/>
						<String ID="P2_ST00886" HPOS="669" VPOS="1502" WIDTH="301" HEIGHT="50" CONTENT="Department" WC="1.00" CC="0003000000" STYLEREFS="TXT_1"/>
					</TextLine>
					<TextLine ID="P2_TL00166" HPOS="260" VPOS="1576" WIDTH="865" HEIGHT="35">
						<String ID="P2_ST00887" HPOS="260" VPOS="1580" WIDTH="30" HEIGHT="25" CONTENT="K." WC="0.71" CC="50"/>
						<SP ID="P2_SP00719" HPOS="290" VPOS="1605" WIDTH="30"/>
						<String ID="P2_ST00888" HPOS="320" VPOS="1580" WIDTH="33" HEIGHT="27" CONTENT="T." WC="0.69" CC="60"/>
						<SP ID="P2_SP00720" HPOS="353" VPOS="1606" WIDTH="33"/>
						<String ID="P2_ST00889" HPOS="386" VPOS="1578" WIDTH="170" HEIGHT="33" CONTENT="CLOUGH," WC="0.99" CC="0506350"/>
						<SP ID="P2_SP00721" HPOS="556" VPOS="1611" WIDTH="31"/>
						<String ID="P2_ST00890" HPOS="587" VPOS="1578" WIDTH="47" HEIGHT="27" CONTENT="’2O" WC="0.31" CC="875"/>
						<SP ID="P2_SP00722" HPOS="635" VPOS="1611" WIDTH="293"/>
						<String ID="P2_ST00891" HPOS="928" VPOS="1576" WIDTH="197" HEIGHT="28" CONTENT="MANAGER" WC="0.99" CC="4050270"/>
					</TextLine>
					<TextLine ID="P2_TL00167" HPOS="258" VPOS="1613" WIDTH="866" HEIGHT="35">
						<String ID="P2_ST00892" HPOS="258" VPOS="1614" WIDTH="33" HEIGHT="28" CONTENT="G." WC="1.00" CC="00"/>
						<SP ID="P2_SP00723" HPOS="291" VPOS="1643" WIDTH="30"/>
						<String ID="P2_ST00893" HPOS="321" VPOS="1616" WIDTH="31" HEIGHT="25" CONTENT="R." WC="0.78" CC="40"/>
						<SP ID="P2_SP00724" HPOS="353" VPOS="1643" WIDTH="27"/>
						<String ID="P2_ST00894" HPOS="380" VPOS="1614" WIDTH="124" HEIGHT="33" CONTENT="Ashbey," WC="0.76" CC="0274100"/>
						<SP ID="P2_SP00725" HPOS="504" VPOS="1647" WIDTH="25"/>
						<String ID="P2_ST00895" HPOS="529" VPOS="1613" WIDTH="43" HEIGHT="27" CONTENT="’2l" WC="0.80" CC="032"/>
						<SP ID="P2_SP00726" HPOS="572" VPOS="1647" WIDTH="183"/>
						<String ID="P2_ST00896" HPOS="754" VPOS="1614" WIDTH="43" HEIGHT="25" CONTENT="Ist" WC="0.97" CC="403"/>
						<SP ID="P2_SP00727" HPOS="797" VPOS="1647" WIDTH="22"/>
						<String ID="P2_ST00897" HPOS="819" VPOS="1613" WIDTH="143" HEIGHT="27" CONTENT="Assistant" WC="0.98" CC="044540965"/>
						<SP ID="P2_SP00728" HPOS="962" VPOS="1647" WIDTH="25"/>
						<String ID="P2_ST00898" HPOS="987" VPOS="1613" WIDTH="137" HEIGHT="30" CONTENT="Manager" WC="0.97" CC="4764777"/>
					</TextLine>
					<TextLine ID="P2_TL00168" HPOS="257" VPOS="1647" WIDTH="868" HEIGHT="35">
						<String ID="P2_ST00899" HPOS="257" VPOS="1650" WIDTH="33" HEIGHT="27" CONTENT="A." WC="0.50" CC="90"/>
						<SP ID="P2_SP00729" HPOS="290" VPOS="1677" WIDTH="27"/>
						<String ID="P2_ST00900" HPOS="317" VPOS="1649" WIDTH="30" HEIGHT="27" CONTENT="L." WC="0.71" CC="23"/>
						<SP ID="P2_SP00730" HPOS="346" VPOS="1677" WIDTH="27"/>
						<String ID="P2_ST00901" HPOS="373" VPOS="1649" WIDTH="124" HEIGHT="33" CONTENT="Squiers," WC="0.78" CC="05130024"/>
						<SP ID="P2_SP00731" HPOS="498" VPOS="1682" WIDTH="28"/>
						<String ID="P2_ST00902" HPOS="526" VPOS="1649" WIDTH="41" HEIGHT="27" CONTENT="’22" WC="1.00" CC="000"/>
						<SP ID="P2_SP00732" HPOS="567" VPOS="1682" WIDTH="172"/>
						<String ID="P2_ST00903" HPOS="739" VPOS="1649" WIDTH="57" HEIGHT="27" CONTENT="2nd" WC="0.99" CC="020"/>
						<SP ID="P2_SP00733" HPOS="795" VPOS="1682" WIDTH="25"/>
						<String ID="P2_ST00904" HPOS="820" VPOS="1647" WIDTH="142" HEIGHT="28" CONTENT="Assistant" WC="0.99" CC="040350020"/>
						<SP ID="P2_SP00734" HPOS="962" VPOS="1682" WIDTH="25"/>
						<String ID="P2_ST00905" HPOS="987" VPOS="1649" WIDTH="137" HEIGHT="30" CONTENT="Manager" WC="0.98" CC="6717400"/>
					</TextLine>
					<TextLine ID="P2_TL00169" HPOS="260" VPOS="1683" WIDTH="865" HEIGHT="34">
						<String ID="P2_ST00906" HPOS="260" VPOS="1685" WIDTH="35" HEIGHT="27" CONTENT="H." WC="0.43" CC="74"/>
						<SP ID="P2_SP00735" HPOS="294" VPOS="1712" WIDTH="27"/>
						<String ID="P2_ST00907" HPOS="321" VPOS="1685" WIDTH="33" HEIGHT="27" CONTENT="T." WC="0.47" CC="64"/>
						<SP ID="P2_SP00736" HPOS="354" VPOS="1712" WIDTH="31"/>
						<String ID="P2_ST00908" HPOS="386" VPOS="1685" WIDTH="109" HEIGHT="31" CONTENT="Young," WC="0.99" CC="204160"/>
						<SP ID="P2_SP00737" HPOS="494" VPOS="1717" WIDTH="30"/>
						<String ID="P2_ST00909" HPOS="524" VPOS="1683" WIDTH="41" HEIGHT="27" CONTENT="’2l" WC="1.00" CC="000"/>
						<SP ID="P2_SP00738" HPOS="565" VPOS="1717" WIDTH="219"/>
						<String ID="P2_ST00910" HPOS="784" VPOS="1683" WIDTH="178" HEIGHT="27" CONTENT="Circulation" WC="1.00" CC="00000420204"/>
						<SP ID="P2_SP00739" HPOS="962" VPOS="1717" WIDTH="24"/>
						<String ID="P2_ST00911" HPOS="986" VPOS="1683" WIDTH="139" HEIGHT="30" CONTENT="Manager" WC="0.97" CC="0737565"/>
					</TextLine>
					<TextLine ID="P2_TL00170" HPOS="258" VPOS="1718" WIDTH="867" HEIGHT="31">
						<String ID="P2_ST00912" HPOS="258" VPOS="1721" WIDTH="43" HEIGHT="27" CONTENT="M." WC="0.45" CC="64"/>
						<SP ID="P2_SP00740" HPOS="301" VPOS="1748" WIDTH="28"/>
						<String ID="P2_ST00913" HPOS="329" VPOS="1721" WIDTH="35" HEIGHT="27" CONTENT="H." WC="0.68" CC="60"/>
						<SP ID="P2_SP00741" HPOS="364" VPOS="1748" WIDTH="25"/>
						<String ID="P2_ST00914" HPOS="389" VPOS="1720" WIDTH="120" HEIGHT="27" CONTENT="Cannell" WC="0.76" CC="0732011"/>
						<SP ID="P2_SP00742" HPOS="509" VPOS="1748" WIDTH="27"/>
						<String ID="P2_ST00915" HPOS="535" VPOS="1718" WIDTH="44" HEIGHT="27" CONTENT="’22" WC="1.00" CC="000"/>
						<SP ID="P2_SP00743" HPOS="580" VPOS="1748" WIDTH="101"/>
						<String ID="P2_ST00916" HPOS="680" VPOS="1718" WIDTH="74" HEIGHT="27" CONTENT="Asst." WC="0.99" CC="02034"/>
						<SP ID="P2_SP00744" HPOS="754" VPOS="1748" WIDTH="28"/>
						<String ID="P2_ST00917" HPOS="783" VPOS="1718" WIDTH="178" HEIGHT="27" CONTENT="Circulation" WC="0.99" CC="00202500733"/>
						<SP ID="P2_SP00745" HPOS="961" VPOS="1748" WIDTH="25"/>
						<String ID="P2_ST00918" HPOS="986" VPOS="1718" WIDTH="139" HEIGHT="31" CONTENT="Manager" WC="0.96" CC="7979877"/>
					</TextLine>
					<TextLine ID="P2_TL00171" HPOS="291" VPOS="1787" WIDTH="832" HEIGHT="35">
						<String ID="P2_ST00919" HPOS="291" VPOS="1789" WIDTH="195" HEIGHT="33" CONTENT="Subscription" WC="0.99" CC="007703320043"/>
						<SP ID="P2_SP00746" HPOS="487" VPOS="1822" WIDTH="31"/>
						<String ID="P2_ST00920" HPOS="518" VPOS="1792" WIDTH="74" HEIGHT="24" CONTENT="rates" WC="0.98" CC="13007"/>
						<String ID="P2_ST00921" HPOS="592" VPOS="1789" WIDTH="126" HEIGHT="31" CONTENT="—$3.00" WC="0.97" CC="837157"/>
						<SP ID="P2_SP00747" HPOS="718" VPOS="1822" WIDTH="28"/>
						<String ID="P2_ST00922" HPOS="746" VPOS="1787" WIDTH="49" HEIGHT="27" CONTENT="the" WC="1.00" CC="000"/>
						<SP ID="P2_SP00748" HPOS="795" VPOS="1822" WIDTH="28"/>
						<String ID="P2_ST00923" HPOS="824" VPOS="1797" WIDTH="77" HEIGHT="24" CONTENT="year." WC="0.98" CC="03900"/>
						<SP ID="P2_SP00749" HPOS="901" VPOS="1822" WIDTH="44"/>
						<String ID="P2_ST00924" HPOS="945" VPOS="1787" WIDTH="69" HEIGHT="27" CONTENT="Five" WC="0.98" CC="0603"/>
						<SP ID="P2_SP00750" HPOS="1014" VPOS="1822" WIDTH="28"/>
						<String ID="P2_ST00925" HPOS="1043" VPOS="1789" WIDTH="80" HEIGHT="25" CONTENT="cents" WC="0.97" CC="06248"/>
					</TextLine>
					<TextLine ID="P2_TL00172" HPOS="257" VPOS="1828" WIDTH="157" HEIGHT="30">
						<String ID="P2_ST00926" HPOS="257" VPOS="1828" WIDTH="47" HEIGHT="25" CONTENT="the" WC="0.93" CC="766"/>
						<SP ID="P2_SP00751" HPOS="304" VPOS="1854" WIDTH="28"/>
						<String ID="P2_ST00927" HPOS="332" VPOS="1833" WIDTH="82" HEIGHT="25" CONTENT="copy." WC="0.99" CC="06004"/>
					</TextLine>
					<TextLine ID="P2_TL00173" HPOS="293" VPOS="1893" WIDTH="827" HEIGHT="33">
						<String ID="P2_ST00928" HPOS="293" VPOS="1894" WIDTH="87" HEIGHT="28" CONTENT="Office" WC="0.97" CC="866750"/>
						<SP ID="P2_SP00752" HPOS="380" VPOS="1923" WIDTH="154"/>
						<String ID="P2_ST00929" HPOS="534" VPOS="1894" WIDTH="28" HEIGHT="27" CONTENT="of" WC="0.45" CC="73"/>
						<SP ID="P2_SP00753" HPOS="562" VPOS="1923" WIDTH="35"/>
						<String ID="P2_ST00930" HPOS="597" VPOS="1894" WIDTH="132" HEIGHT="27" CONTENT="Business" WC="0.99" CC="02025070"/>
						<SP ID="P2_SP00754" HPOS="729" VPOS="1923" WIDTH="31"/>
						<String ID="P2_ST00931" HPOS="761" VPOS="1894" WIDTH="146" HEIGHT="31" CONTENT="Manager," WC="0.99" CC="12007600"/>
						<SP ID="P2_SP00755" HPOS="907" VPOS="1926" WIDTH="30"/>
						<String ID="P2_ST00932" HPOS="937" VPOS="1893" WIDTH="77" HEIGHT="33" CONTENT="daily" WC="0.99" CC="00500"/>
						<SP ID="P2_SP00756" HPOS="1014" VPOS="1926" WIDTH="35"/>
						<String ID="P2_ST00933" HPOS="1049" VPOS="1893" WIDTH="71" HEIGHT="27" CONTENT="from" WC="0.97" CC="1406"/>
					</TextLine>
					<TextLine ID="P2_TL00174" HPOS="257" VPOS="1929" WIDTH="643" HEIGHT="35">
						<String ID="P2_ST00934" HPOS="257" VPOS="1935" WIDTH="13" HEIGHT="24" CONTENT="3" WC="0.15" CC="8"/>
						<SP ID="P2_SP00757" HPOS="269" VPOS="1959" WIDTH="9"/>
						<String ID="P2_ST00935" HPOS="279" VPOS="1929" WIDTH="5" HEIGHT="35" CONTENT="•" WC="1.00" CC="0"/>
						<SP ID="P2_SP00758" HPOS="283" VPOS="1964" WIDTH="17"/>
						<String ID="P2_ST00936" HPOS="301" VPOS="1934" WIDTH="27" HEIGHT="27" CONTENT="-0" WC="0.41" CC="47"/>
						<SP ID="P2_SP00759" HPOS="328" VPOS="1964" WIDTH="25"/>
						<String ID="P2_ST00937" HPOS="353" VPOS="1935" WIDTH="27" HEIGHT="24" CONTENT="to" WC="0.28" CC="76"/>
						<SP ID="P2_SP00760" HPOS="380" VPOS="1964" WIDTH="25"/>
						<String ID="P2_ST00938" HPOS="405" VPOS="1934" WIDTH="74" HEIGHT="27" CONTENT="9:00" WC="0.65" CC="8050"/>
						<SP ID="P2_SP00761" HPOS="479" VPOS="1964" WIDTH="25"/>
						<String ID="P2_ST00939" HPOS="504" VPOS="1932" WIDTH="33" HEIGHT="27" CONTENT="A." WC="0.83" CC="03"/>
						<SP ID="P2_SP00762" HPOS="537" VPOS="1964" WIDTH="28"/>
						<String ID="P2_ST00940" HPOS="565" VPOS="1931" WIDTH="55" HEIGHT="33" CONTENT="M.," WC="0.64" CC="333"/>
						<SP ID="P2_SP00763" HPOS="620" VPOS="1964" WIDTH="25"/>
						<String ID="P2_ST00941" HPOS="646" VPOS="1932" WIDTH="99" HEIGHT="30" CONTENT="except" WC="0.98" CC="060190"/>
						<SP ID="P2_SP00764" HPOS="745" VPOS="1964" WIDTH="25"/>
						<String ID="P2_ST00942" HPOS="770" VPOS="1929" WIDTH="129" HEIGHT="33" CONTENT="Sunday." WC="0.98" CC="0232744"/>
					</TextLine>
					<TextLine ID="P2_TL00175" HPOS="296" VPOS="1998" WIDTH="827" HEIGHT="32">
						<String ID="P2_ST00943" HPOS="296" VPOS="2003" WIDTH="123" HEIGHT="27" CONTENT="Address" WC="1.00" CC="0600000"/>
						<SP ID="P2_SP00765" HPOS="419" VPOS="2030" WIDTH="38"/>
						<String ID="P2_ST00944" HPOS="457" VPOS="2002" WIDTH="36" HEIGHT="27" CONTENT="all" WC="0.98" CC="012"/>
						<SP ID="P2_SP00766" HPOS="493" VPOS="2030" WIDTH="39"/>
						<String ID="P2_ST00945" HPOS="532" VPOS="2002" WIDTH="129" HEIGHT="27" CONTENT="business" WC="0.99" CC="62056002"/>
						<SP ID="P2_SP00767" HPOS="661" VPOS="2030" WIDTH="38"/>
						<String ID="P2_ST00946" HPOS="699" VPOS="1998" WIDTH="258" HEIGHT="28" CONTENT="communications" WC="0.99" CC="01020540903647"/>
						<SP ID="P2_SP00768" HPOS="957" VPOS="2030" WIDTH="39"/>
						<String ID="P2_ST00947" HPOS="997" VPOS="2003" WIDTH="30" HEIGHT="24" CONTENT="to" WC="0.65" CC="05"/>
						<SP ID="P2_SP00769" HPOS="1027" VPOS="2030" WIDTH="49"/>
						<String ID="P2_ST00948" HPOS="1076" VPOS="2000" WIDTH="47" HEIGHT="27" CONTENT="the" WC="0.92" CC="677"/>
					</TextLine>
					<TextLine ID="P2_TL00176" HPOS="260" VPOS="2035" WIDTH="849" HEIGHT="35">
						<String ID="P2_ST00949" HPOS="260" VPOS="2038" WIDTH="63" HEIGHT="27" CONTENT="Busi" WC="0.41" CC="6690"/>
						<SP ID="P2_SP00770" HPOS="323" VPOS="2065" WIDTH="16"/>
						<String ID="P2_ST00950" HPOS="339" VPOS="2046" WIDTH="52" HEIGHT="19" CONTENT="less" WC="0.97" CC="8070"/>
						<SP ID="P2_SP00771" HPOS="391" VPOS="2065" WIDTH="31"/>
						<String ID="P2_ST00951" HPOS="422" VPOS="2038" WIDTH="146" HEIGHT="31" CONTENT="Manager," WC="0.99" CC="50800003"/>
						<SP ID="P2_SP00772" HPOS="569" VPOS="2069" WIDTH="33"/>
						<String ID="P2_ST00952" HPOS="602" VPOS="2036" WIDTH="178" HEIGHT="28" CONTENT="Rockefeller" WC="0.99" CC="46410000700"/>
						<SP ID="P2_SP00773" HPOS="780" VPOS="2069" WIDTH="31"/>
						<String ID="P2_ST00953" HPOS="811" VPOS="2035" WIDTH="77" HEIGHT="31" CONTENT="Hall," WC="0.99" CC="00601"/>
						<SP ID="P2_SP00774" HPOS="888" VPOS="2069" WIDTH="33"/>
						<String ID="P2_ST00954" HPOS="921" VPOS="2036" WIDTH="99" HEIGHT="27" CONTENT="Brown" WC="0.98" CC="60600"/>
						<SP ID="P2_SP00775" HPOS="1020" VPOS="2069" WIDTH="35"/>
						<String ID="P2_ST00955" HPOS="1055" VPOS="2035" WIDTH="54" HEIGHT="28" CONTENT="Uni" WC="0.95" CC="525"/>
					</TextLine>
					<TextLine ID="P2_TL00177" HPOS="257" VPOS="2071" WIDTH="855" HEIGHT="35">
						<String ID="P2_ST00956" HPOS="257" VPOS="2072" WIDTH="117" HEIGHT="33" CONTENT="verrity." WC="0.61" CC="59044203"/>
						<SP ID="P2_SP00776" HPOS="373" VPOS="2106" WIDTH="43"/>
						<String ID="P2_ST00957" HPOS="416" VPOS="2072" WIDTH="44" HEIGHT="27" CONTENT="All" WC="0.95" CC="553"/>
						<SP ID="P2_SP00777" HPOS="460" VPOS="2106" WIDTH="28"/>
						<String ID="P2_ST00958" HPOS="488" VPOS="2072" WIDTH="82" HEIGHT="27" CONTENT="other" WC="0.98" CC="34003"/>
						<SP ID="P2_SP00778" HPOS="570" VPOS="2106" WIDTH="25"/>
						<String ID="P2_ST00959" HPOS="595" VPOS="2071" WIDTH="260" HEIGHT="30" CONTENT="communications" WC="0.99" CC="03800062763070"/>
						<SP ID="P2_SP00779" HPOS="855" VPOS="2106" WIDTH="27"/>
						<String ID="P2_ST00960" HPOS="882" VPOS="2076" WIDTH="28" HEIGHT="24" CONTENT="to" WC="0.66" CC="33"/>
						<SP ID="P2_SP00780" HPOS="910" VPOS="2106" WIDTH="25"/>
						<String ID="P2_ST00961" HPOS="935" VPOS="2071" WIDTH="50" HEIGHT="27" CONTENT="the" WC="1.00" CC="000"/>
						<SP ID="P2_SP00781" HPOS="986" VPOS="2106" WIDTH="27"/>
						<String ID="P2_ST00962" HPOS="1013" VPOS="2071" WIDTH="99" HEIGHT="27" CONTENT="Editor" WC="0.98" CC="304705"/>
					</TextLine>
					<TextLine ID="P2_TL00178" HPOS="258" VPOS="2106" WIDTH="781" HEIGHT="38">
						<String ID="P2_ST00963" HPOS="258" VPOS="2110" WIDTH="140" HEIGHT="33" CONTENT="in-Chief," WC="0.69" CC="730035033"/>
						<SP ID="P2_SP00782" HPOS="398" VPOS="2143" WIDTH="27"/>
						<String ID="P2_ST00964" HPOS="425" VPOS="2109" WIDTH="180" HEIGHT="27" CONTENT="Rockefeller" WC="1.00" CC="00004132601"/>
						<SP ID="P2_SP00783" HPOS="605" VPOS="2143" WIDTH="27"/>
						<String ID="P2_ST00965" HPOS="631" VPOS="2107" WIDTH="77" HEIGHT="35" CONTENT="Hall," WC="0.97" CC="09064"/>
						<SP ID="P2_SP00784" HPOS="709" VPOS="2143" WIDTH="27"/>
						<String ID="P2_ST00966" HPOS="735" VPOS="2109" WIDTH="101" HEIGHT="27" CONTENT="Brown" WC="0.98" CC="50315"/>
						<SP ID="P2_SP00785" HPOS="836" VPOS="2143" WIDTH="27"/>
						<String ID="P2_ST00967" HPOS="863" VPOS="2106" WIDTH="176" HEIGHT="33" CONTENT="University." WC="0.99" CC="17300501501"/>
					</TextLine>
					<TextLine ID="P2_TL00179" HPOS="299" VPOS="2140" WIDTH="824" HEIGHT="30">
						<String ID="P2_ST00968" HPOS="299" VPOS="2145" WIDTH="121" HEIGHT="25" CONTENT="Entered" WC="0.99" CC="0441320"/>
						<SP ID="P2_SP00786" HPOS="420" VPOS="2170" WIDTH="35"/>
						<String ID="P2_ST00969" HPOS="455" VPOS="2153" WIDTH="30" HEIGHT="17" CONTENT="as" WC="1.00" CC="00"/>
						<SP ID="P2_SP00787" HPOS="485" VPOS="2170" WIDTH="35"/>
						<String ID="P2_ST00970" HPOS="520" VPOS="2143" WIDTH="189" HEIGHT="27" CONTENT="second-class" WC="1.00" CC="000000005000"/>
						<SP ID="P2_SP00788" HPOS="709" VPOS="2170" WIDTH="36"/>
						<String ID="P2_ST00971" HPOS="745" VPOS="2145" WIDTH="104" HEIGHT="25" CONTENT="matter" WC="0.99" CC="810002"/>
						<SP ID="P2_SP00789" HPOS="849" VPOS="2170" WIDTH="35"/>
						<String ID="P2_ST00972" HPOS="883" VPOS="2145" WIDTH="28" HEIGHT="24" CONTENT="at" WC="1.00" CC="00"/>
						<SP ID="P2_SP00790" HPOS="912" VPOS="2170" WIDTH="36"/>
						<String ID="P2_ST00973" HPOS="948" VPOS="2140" WIDTH="175" HEIGHT="28" CONTENT="Providence" WC="0.99" CC="5300407660"/>
					</TextLine>
					<TextLine ID="P2_TL00180" HPOS="260" VPOS="2178" WIDTH="191" HEIGHT="27">
						<String ID="P2_ST00974" HPOS="260" VPOS="2180" WIDTH="65" HEIGHT="25" CONTENT="Post" WC="0.97" CC="7070"/>
						<SP ID="P2_SP00791" HPOS="324" VPOS="2205" WIDTH="25"/>
						<String ID="P2_ST00975" HPOS="350" VPOS="2178" WIDTH="101" HEIGHT="27" CONTENT="Office." WC="0.98" CC="5822083"/>
					</TextLine>
					<TextLine ID="P2_TL00181" HPOS="345" VPOS="2249" WIDTH="696" HEIGHT="41">
						<String ID="P2_ST00976" HPOS="345" VPOS="2250" WIDTH="134" HEIGHT="39" CONTENT="News" WC="0.98" CC="4040" STYLEREFS="TXT_0"/>
						<SP ID="P2_SP00792" HPOS="479" VPOS="2290" WIDTH="35"/>
						<String ID="P2_ST00977" HPOS="513" VPOS="2250" WIDTH="157" HEIGHT="39" CONTENT="L'.ditor" WC="0.61" CC="70705530" STYLEREFS="TXT_0"/>
						<SP ID="P2_SP00793" HPOS="671" VPOS="2290" WIDTH="30"/>
						<String ID="P2_ST00978" HPOS="701" VPOS="2249" WIDTH="69" HEIGHT="39" CONTENT="for" WC="0.94" CC="654" STYLEREFS="TXT_0"/>
						<SP ID="P2_SP00794" HPOS="770" VPOS="2290" WIDTH="31"/>
						<String ID="P2_ST00979" HPOS="802" VPOS="2249" WIDTH="90" HEIGHT="39" CONTENT="this" WC="1.00" CC="0000" STYLEREFS="TXT_0"/>
						<SP ID="P2_SP00795" HPOS="891" VPOS="2290" WIDTH="31"/>
						<String ID="P2_ST00980" HPOS="923" VPOS="2249" WIDTH="118" HEIGHT="39" CONTENT="issue" WC="0.99" CC="00006" STYLEREFS="TXT_0"/>
					</TextLine>
					<TextLine ID="P2_TL00182" HPOS="446" VPOS="2318" WIDTH="482" HEIGHT="54">
						<String ID="P2_ST00981" HPOS="446" VPOS="2320" WIDTH="54" HEIGHT="39" CONTENT="K." WC="1.00" CC="00" STYLEREFS="TXT_0"/>
						<SP ID="P2_SP00796" HPOS="499" VPOS="2359" WIDTH="33"/>
						<String ID="P2_ST00982" HPOS="532" VPOS="2320" WIDTH="52" HEIGHT="39" CONTENT="D." WC="0.98" CC="00" STYLEREFS="TXT_0"/>
						<SP ID="P2_SP00797" HPOS="584" VPOS="2359" WIDTH="31"/>
						<String ID="P2_ST00983" HPOS="616" VPOS="2318" WIDTH="203" HEIGHT="54" CONTENT="Johnson" WC="0.99" CC="0008010" STYLEREFS="TXT_0"/>
						<SP ID="P2_SP00798" HPOS="819" VPOS="2372" WIDTH="33"/>
						<String ID="P2_ST00984" HPOS="852" VPOS="2318" WIDTH="76" HEIGHT="39" CONTENT="’2l." WC="0.67" CC="8500" STYLEREFS="TXT_0"/>
					</TextLine>
					<TextLine ID="P2_TL00183" HPOS="359" VPOS="2408" WIDTH="657" HEIGHT="31">
						<String ID="P2_ST00985" HPOS="359" VPOS="2409" WIDTH="162" HEIGHT="27" CONTENT="OXFORD" WC="0.98" CC="684005"/>
						<SP ID="P2_SP00799" HPOS="521" VPOS="2436" WIDTH="30"/>
						<String ID="P2_ST00986" HPOS="551" VPOS="2408" WIDTH="198" HEIGHT="27" CONTENT="LINOTYPE" WC="0.98" CC="51900670"/>
						<SP ID="P2_SP00800" HPOS="750" VPOS="2436" WIDTH="31"/>
						<String ID="P2_ST00987" HPOS="781" VPOS="2408" WIDTH="71" HEIGHT="31" CONTENT="CO.," WC="1.00" CC="0000"/>
						<SP ID="P2_SP00801" HPOS="852" VPOS="2439" WIDTH="31"/>
						<String ID="P2_ST00988" HPOS="883" VPOS="2408" WIDTH="132" HEIGHT="27" CONTENT="Printers." WC="0.98" CC="773067674"/>
					</TextLine>
					<TextLine ID="P2_TL00184" HPOS="285" VPOS="2493" WIDTH="805" HEIGHT="49">
						<String ID="P2_ST00989" HPOS="285" VPOS="2494" WIDTH="291" HEIGHT="47" CONTENT="Providence," WC="0.99" CC="00752377003" STYLEREFS="TXT_0"/>
						<SP ID="P2_SP00802" HPOS="576" VPOS="2542" WIDTH="31"/>
						<String ID="P2_ST00990" HPOS="608" VPOS="2496" WIDTH="49" HEIGHT="38" CONTENT="R." WC="1.00" CC="00" STYLEREFS="TXT_0"/>
						<SP ID="P2_SP00803" HPOS="657" VPOS="2542" WIDTH="33"/>
						<String ID="P2_ST00991" HPOS="690" VPOS="2494" WIDTH="46" HEIGHT="46" CONTENT="1.," WC="0.97" CC="800" STYLEREFS="TXT_0"/>
						<SP ID="P2_SP00804" HPOS="735" VPOS="2542" WIDTH="31"/>
						<String ID="P2_ST00992" HPOS="767" VPOS="2493" WIDTH="106" HEIGHT="41" CONTENT="Dec." WC="1.00" CC="0010" STYLEREFS="TXT_0"/>
						<SP ID="P2_SP00805" HPOS="872" VPOS="2542" WIDTH="31"/>
						<String ID="P2_ST00993" HPOS="904" VPOS="2493" WIDTH="36" HEIGHT="47" CONTENT="6," WC="0.67" CC="60" STYLEREFS="TXT_0"/>
						<SP ID="P2_SP00806" HPOS="940" VPOS="2542" WIDTH="31"/>
						<String ID="P2_ST00994" HPOS="972" VPOS="2493" WIDTH="118" HEIGHT="38" CONTENT="1919." WC="0.86" CC="06000" STYLEREFS="TXT_0"/>
					</TextLine>
				</TextBlock>
				<TextBlock ID="P2_TB00021" HPOS="1699" VPOS="178" WIDTH="753" HEIGHT="43" language="en" STYLEREFS="TXT_1 PAR_CENTER">
					<TextLine ID="P2_TL00185" HPOS="1699" VPOS="180" WIDTH="753" HEIGHT="41">
						<String ID="P2_ST00995" HPOS="1699" VPOS="181" WIDTH="236" HEIGHT="39" CONTENT="BROWN" WC="0.96" CC="79703" STYLEREFS="TXT_0"/>
						<SP ID="P2_SP00807" HPOS="1935" VPOS="220" WIDTH="27"/>
						<String ID="P2_ST00996" HPOS="1962" VPOS="180" WIDTH="198" HEIGHT="39" CONTENT="DAILY" WC="0.99" CC="00030"/>
						<SP ID="P2_SP00808" HPOS="2161" VPOS="220" WIDTH="25"/>
						<String ID="P2_ST00997" HPOS="2186" VPOS="180" WIDTH="266" HEIGHT="39" CONTENT="HERALD" WC="0.98" CC="600090"/>
					</TextLine>
				</TextBlock>
				<ComposedBlock ID="P2_CB00001" HPOS="2069" VPOS="282" WIDTH="1785" HEIGHT="1479" TYPE="Advertisement">
					<TextBlock ID="P2_TB00022" HPOS="2069" VPOS="282" WIDTH="1785" HEIGHT="1479" language="en" STYLEREFS="TXT_0 PAR_LEFT">
						<TextLine ID="P2_TL00186" HPOS="2357" VPOS="332" WIDTH="1232" HEIGHT="99">
							<String ID="P2_ST00998" HPOS="2357" VPOS="335" WIDTH="400" HEIGHT="96" CONTENT="HERE" WC="0.97" CC="3613" STYLEREFS="TXT_8"/>
							<SP ID="P2_SP00809" HPOS="2757" VPOS="431" WIDTH="44"/>
							<String ID="P2_ST00999" HPOS="2802" VPOS="332" WIDTH="430" HEIGHT="99" CONTENT="THEY" WC="0.99" CC="0120" STYLEREFS="TXT_8"/>
							<SP ID="P2_SP00810" HPOS="3231" VPOS="431" WIDTH="58"/>
							<String ID="P2_ST01000" HPOS="3290" VPOS="335" WIDTH="299" HEIGHT="93" CONTENT="ARE" WC="0.98" CC="005" STYLEREFS="TXT_8"/>
						</TextLine>
						<TextLine ID="P2_TL00187" HPOS="2170" VPOS="575" WIDTH="1597" HEIGHT="126">
							<String ID="P2_ST01001" HPOS="2170" VPOS="583" WIDTH="288" HEIGHT="96" CONTENT="New" WC="0.99" CC="002" STYLEREFS="TXT_8"/>
							<SP ID="P2_SP00811" HPOS="2458" VPOS="679" WIDTH="55"/>
							<String ID="P2_ST01002" HPOS="2513" VPOS="575" WIDTH="222" HEIGHT="104" CONTENT="Fall" WC="0.99" CC="0040" STYLEREFS="TXT_8"/>
							<SP ID="P2_SP00812" HPOS="2735" VPOS="679" WIDTH="54"/>
							<String ID="P2_ST01003" HPOS="2789" VPOS="575" WIDTH="323" HEIGHT="126" CONTENT="Suits," WC="0.99" CC="500305" STYLEREFS="TXT_8"/>
							<SP ID="P2_SP00813" HPOS="3112" VPOS="701" WIDTH="61"/>
							<String ID="P2_ST01004" HPOS="3173" VPOS="580" WIDTH="594" HEIGHT="99" CONTENT="Overcoats" WC="0.99" CC="310403021" STYLEREFS="TXT_8"/>
						</TextLine>
						<TextLine ID="P2_TL00188" HPOS="2317" VPOS="718" WIDTH="1315" HEIGHT="129">
							<String ID="P2_ST01005" HPOS="2317" VPOS="726" WIDTH="272" HEIGHT="96" CONTENT="Hats" WC="0.98" CC="6040" STYLEREFS="TXT_8"/>
							<SP ID="P2_SP00814" HPOS="2589" VPOS="822" WIDTH="54"/>
							<String ID="P2_ST01006" HPOS="2643" VPOS="721" WIDTH="213" HEIGHT="101" CONTENT="and" WC="0.98" CC="004" STYLEREFS="TXT_8"/>
							<SP ID="P2_SP00815" HPOS="2855" VPOS="822" WIDTH="58"/>
							<String ID="P2_ST01007" HPOS="2913" VPOS="718" WIDTH="718" HEIGHT="129" CONTENT="Furnishings" WC="1.00" CC="20000005060" STYLEREFS="TXT_8"/>
						</TextLine>
						<TextLine ID="P2_TL00189" HPOS="2087" VPOS="901" WIDTH="1765" HEIGHT="52">
							<String ID="P2_ST01008" HPOS="2087" VPOS="904" WIDTH="39" HEIGHT="39" CONTENT="It" WC="0.28" CC="86"/>
							<SP ID="P2_SP00816" HPOS="2126" VPOS="943" WIDTH="31"/>
							<String ID="P2_ST01009" HPOS="2157" VPOS="904" WIDTH="35" HEIGHT="39" CONTENT="is" WC="0.81" CC="30"/>
							<SP ID="P2_SP00817" HPOS="2192" VPOS="943" WIDTH="31"/>
							<String ID="P2_ST01010" HPOS="2224" VPOS="912" WIDTH="99" HEIGHT="31" CONTENT="true" WC="0.98" CC="0080"/>
							<SP ID="P2_SP00818" HPOS="2323" VPOS="943" WIDTH="31"/>
							<String ID="P2_ST01011" HPOS="2354" VPOS="904" WIDTH="96" HEIGHT="39" CONTENT="that" WC="0.98" CC="0064"/>
							<SP ID="P2_SP00819" HPOS="2450" VPOS="943" WIDTH="33"/>
							<String ID="P2_ST01012" HPOS="2483" VPOS="904" WIDTH="124" HEIGHT="39" CONTENT="there" WC="0.99" CC="50010"/>
							<SP ID="P2_SP00820" HPOS="2608" VPOS="943" WIDTH="30"/>
							<String ID="P2_ST01013" HPOS="2638" VPOS="902" WIDTH="36" HEIGHT="41" CONTENT="is" WC="1.00" CC="00"/>
							<SP ID="P2_SP00821" HPOS="2674" VPOS="943" WIDTH="30"/>
							<String ID="P2_ST01014" HPOS="2704" VPOS="918" WIDTH="24" HEIGHT="25" CONTENT="a" WC="1.00" CC="0"/>
							<SP ID="P2_SP00822" HPOS="2728" VPOS="943" WIDTH="31"/>
							<String ID="P2_ST01015" HPOS="2759" VPOS="902" WIDTH="194" HEIGHT="50" CONTENT="scarcity" WC="1.00" CC="00400101"/>
							<SP ID="P2_SP00823" HPOS="2953" VPOS="953" WIDTH="31"/>
							<String ID="P2_ST01016" HPOS="2984" VPOS="901" WIDTH="88" HEIGHT="41" CONTENT="this" WC="1.00" CC="0010"/>
							<SP ID="P2_SP00824" HPOS="3072" VPOS="953" WIDTH="31"/>
							<String ID="P2_ST01017" HPOS="3104" VPOS="917" WIDTH="159" HEIGHT="27" CONTENT="season" WC="1.00" CC="000006"/>
							<SP ID="P2_SP00825" HPOS="3263" VPOS="953" WIDTH="31"/>
							<String ID="P2_ST01018" HPOS="3294" VPOS="901" WIDTH="46" HEIGHT="41" CONTENT="of" WC="0.63" CC="07"/>
							<SP ID="P2_SP00826" HPOS="3340" VPOS="953" WIDTH="31"/>
							<String ID="P2_ST01019" HPOS="3372" VPOS="902" WIDTH="120" HEIGHT="50" CONTENT="good" WC="0.97" CC="9060"/>
							<SP ID="P2_SP00827" HPOS="3491" VPOS="953" WIDTH="33"/>
							<String ID="P2_ST01020" HPOS="3524" VPOS="901" WIDTH="328" HEIGHT="46" CONTENT="merchandise," WC="1.00" CC="000005700003"/>
						</TextLine>
						<TextLine ID="P2_TL00190" HPOS="2087" VPOS="991" WIDTH="1764" HEIGHT="52">
							<String ID="P2_ST01021" HPOS="2087" VPOS="995" WIDTH="77" HEIGHT="38" CONTENT="but" WC="0.97" CC="600"/>
							<SP ID="P2_SP00828" HPOS="2164" VPOS="1033" WIDTH="31"/>
							<String ID="P2_ST01022" HPOS="2195" VPOS="1003" WIDTH="79" HEIGHT="30" CONTENT="not" WC="0.93" CC="765"/>
							<SP ID="P2_SP00829" HPOS="2274" VPOS="1033" WIDTH="33"/>
							<String ID="P2_ST01023" HPOS="2307" VPOS="994" WIDTH="106" HEIGHT="38" CONTENT="with" WC="0.98" CC="4060"/>
							<SP ID="P2_SP00830" HPOS="2413" VPOS="1033" WIDTH="35"/>
							<String ID="P2_ST01024" HPOS="2447" VPOS="1006" WIDTH="63" HEIGHT="25" CONTENT="us." WC="0.97" CC="700"/>
							<SP ID="P2_SP00831" HPOS="2510" VPOS="1033" WIDTH="66"/>
							<String ID="P2_ST01025" HPOS="2576" VPOS="994" WIDTH="148" HEIGHT="39" CONTENT="We’re" WC="0.99" CC="00800"/>
							<SP ID="P2_SP00832" HPOS="2724" VPOS="1033" WIDTH="33"/>
							<String ID="P2_ST01026" HPOS="2757" VPOS="994" WIDTH="98" HEIGHT="38" CONTENT="well" WC="0.98" CC="9000"/>
							<SP ID="P2_SP00833" HPOS="2855" VPOS="1033" WIDTH="33"/>
							<String ID="P2_ST01027" HPOS="2888" VPOS="994" WIDTH="186" HEIGHT="38" CONTENT="stocked" WC="1.00" CC="0500200"/>
							<SP ID="P2_SP00834" HPOS="3074" VPOS="1033" WIDTH="31"/>
							<String ID="P2_ST01028" HPOS="3106" VPOS="1005" WIDTH="50" HEIGHT="30" CONTENT="as" WC="1.00" CC="00"/>
							<SP ID="P2_SP00835" HPOS="3156" VPOS="1035" WIDTH="31"/>
							<String ID="P2_ST01029" HPOS="3187" VPOS="992" WIDTH="143" HEIGHT="46" CONTENT="usual," WC="0.99" CC="304002"/>
							<SP ID="P2_SP00836" HPOS="3331" VPOS="1038" WIDTH="33"/>
							<String ID="P2_ST01030" HPOS="3364" VPOS="992" WIDTH="87" HEIGHT="39" CONTENT="and" WC="0.96" CC="450"/>
							<SP ID="P2_SP00837" HPOS="3450" VPOS="1038" WIDTH="33"/>
							<String ID="P2_ST01031" HPOS="3483" VPOS="991" WIDTH="137" HEIGHT="52" CONTENT="you’ll" WC="0.98" CC="504816"/>
							<SP ID="P2_SP00838" HPOS="3620" VPOS="1043" WIDTH="33"/>
							<String ID="P2_ST01032" HPOS="3654" VPOS="991" WIDTH="88" HEIGHT="41" CONTENT="find" WC="0.99" CC="0060"/>
							<SP ID="P2_SP00839" HPOS="3742" VPOS="1043" WIDTH="35"/>
							<String ID="P2_ST01033" HPOS="3776" VPOS="991" WIDTH="74" HEIGHT="39" CONTENT="the" WC="0.96" CC="506"/>
						</TextLine>
						<TextLine ID="P2_TL00191" HPOS="2085" VPOS="1083" WIDTH="307" HEIGHT="52">
							<String ID="P2_ST01034" HPOS="2085" VPOS="1085" WIDTH="142" HEIGHT="49" CONTENT="prices" WC="0.99" CC="900000"/>
							<SP ID="P2_SP00840" HPOS="2227" VPOS="1134" WIDTH="33"/>
							<String ID="P2_ST01035" HPOS="2260" VPOS="1083" WIDTH="132" HEIGHT="52" CONTENT="right." WC="0.98" CC="237002"/>
						</TextLine>
						<TextLine ID="P2_TL00192" HPOS="2085" VPOS="1362" WIDTH="1769" HEIGHT="164">
							<String ID="P2_ST01036" HPOS="2085" VPOS="1362" WIDTH="773" HEIGHT="164" CONTENT="Browning," WC="0.99" CC="600040660" STYLEREFS="TXT_9"/>
							<SP ID="P2_SP00841" HPOS="2858" VPOS="1526" WIDTH="91"/>
							<String ID="P2_ST01037" HPOS="2950" VPOS="1362" WIDTH="351" HEIGHT="164" CONTENT="King" WC="0.98" CC="0009" STYLEREFS="TXT_9"/>
							<SP ID="P2_SP00842" HPOS="3301" VPOS="1526" WIDTH="72"/>
							<String ID="P2_ST01038" HPOS="3373" VPOS="1367" WIDTH="139" HEIGHT="123" CONTENT="&amp;" WC="0.56" CC="4" STYLEREFS="TXT_9"/>
							<SP ID="P2_SP00843" HPOS="3512" VPOS="1526" WIDTH="88"/>
							<String ID="P2_ST01039" HPOS="3600" VPOS="1362" WIDTH="254" HEIGHT="124" CONTENT="Co." WC="0.95" CC="454" STYLEREFS="TXT_9"/>
						</TextLine>
						<TextLine ID="P2_TL00193" HPOS="2361" VPOS="1553" WIDTH="1189" HEIGHT="43">
							<String ID="P2_ST01040" HPOS="2361" VPOS="1553" WIDTH="474" HEIGHT="41" CONTENT="WESTMINSTER" WC="1.00" CC="00010130001" STYLEREFS="TXT_10"/>
							<SP ID="P2_SP00844" HPOS="2835" VPOS="1594" WIDTH="33"/>
							<String ID="P2_ST01041" HPOS="2868" VPOS="1553" WIDTH="134" HEIGHT="39" CONTENT="AND" WC="0.97" CC="044" STYLEREFS="TXT_10"/>
							<SP ID="P2_SP00845" HPOS="3002" VPOS="1594" WIDTH="38"/>
							<String ID="P2_ST01042" HPOS="3039" VPOS="1553" WIDTH="180" HEIGHT="39" CONTENT="EDDY" WC="0.99" CC="0130" STYLEREFS="TXT_10"/>
							<SP ID="P2_SP00846" HPOS="3219" VPOS="1594" WIDTH="38"/>
							<String ID="P2_ST01043" HPOS="3257" VPOS="1553" WIDTH="293" HEIGHT="43" CONTENT="STREETS," WC="1.00" CC="00400000" STYLEREFS="TXT_10"/>
						</TextLine>
						<TextLine ID="P2_TL00194" HPOS="2672" VPOS="1643" WIDTH="569" HEIGHT="44">
							<String ID="P2_ST01044" HPOS="2672" VPOS="1644" WIDTH="435" HEIGHT="43" CONTENT="PROVIDENCE," WC="1.00" CC="00000000000" STYLEREFS="TXT_10"/>
							<SP ID="P2_SP00847" HPOS="3107" VPOS="1687" WIDTH="24"/>
							<String ID="P2_ST01045" HPOS="3131" VPOS="1643" WIDTH="52" HEIGHT="41" CONTENT="R." WC="1.00" CC="00" STYLEREFS="TXT_10"/>
							<SP ID="P2_SP00848" HPOS="3183" VPOS="1687" WIDTH="27"/>
							<String ID="P2_ST01046" HPOS="3209" VPOS="1644" WIDTH="31" HEIGHT="39" CONTENT="I." WC="0.83" CC="03" STYLEREFS="TXT_10"/>
						</TextLine>
					</TextBlock>
				</ComposedBlock>
				<ComposedBlock ID="P2_CB00002" HPOS="2069" VPOS="1759" WIDTH="888" HEIGHT="854" TYPE="Advertisement">
					<TextBlock ID="P2_TB00023" HPOS="2069" VPOS="1759" WIDTH="888" HEIGHT="854" language="en" STYLEREFS="TXT_11 PAR_LEFT">
						<TextLine ID="P2_TL00195" HPOS="2069" VPOS="1918" WIDTH="871" HEIGHT="107">
							<String ID="P2_ST01047" HPOS="2069" VPOS="1921" WIDTH="170" HEIGHT="101" CONTENT="THE" WC="0.97" CC="033" STYLEREFS="TXT_12"/>
							<SP ID="P2_SP00849" HPOS="2239" VPOS="2022" WIDTH="49"/>
							<String ID="P2_ST01048" HPOS="2288" VPOS="1918" WIDTH="348" HEIGHT="107" CONTENT="OXFORD" WC="0.98" CC="500516" STYLEREFS="TXT_12"/>
							<SP ID="P2_SP00850" HPOS="2636" VPOS="2025" WIDTH="46"/>
							<String ID="P2_ST01049" HPOS="2682" VPOS="1918" WIDTH="258" HEIGHT="104" CONTENT="PRESS" WC="0.98" CC="36300" STYLEREFS="TXT_12"/>
						</TextLine>
						<TextLine ID="P2_TL00196" HPOS="2230" VPOS="2135" WIDTH="543" HEIGHT="52">
							<String ID="P2_ST01050" HPOS="2230" VPOS="2135" WIDTH="367" HEIGHT="52" CONTENT="PRINTERS" WC="1.00" CC="30000000" STYLEREFS="TXT_13"/>
							<SP ID="P2_SP00851" HPOS="2597" VPOS="2187" WIDTH="22"/>
							<String ID="P2_ST01051" HPOS="2619" VPOS="2135" WIDTH="154" HEIGHT="52" CONTENT="AND" WC="1.00" CC="000" STYLEREFS="TXT_13"/>
						</TextLine>
						<TextLine ID="P2_TL00197" HPOS="2230" VPOS="2214" WIDTH="546" HEIGHT="54">
							<String ID="P2_ST01052" HPOS="2230" VPOS="2214" WIDTH="378" HEIGHT="54" CONTENT="PUBLISH" WC="0.99" CC="2304005" STYLEREFS="TXT_13"/>
							<SP ID="P2_SP00852" HPOS="2608" VPOS="2268" WIDTH="17"/>
							<String ID="P2_ST01053" HPOS="2625" VPOS="2214" WIDTH="151" HEIGHT="54" CONTENT="ERS" WC="0.95" CC="100" STYLEREFS="TXT_13"/>
						</TextLine>
						<TextLine ID="P2_TL00198" HPOS="2183" VPOS="2406" WIDTH="643" HEIGHT="46">
							<String ID="P2_ST01054" HPOS="2183" VPOS="2411" WIDTH="61" HEIGHT="39" CONTENT="26" WC="0.91" CC="01" STYLEREFS="TXT_14"/>
							<SP ID="P2_SP00853" HPOS="2244" VPOS="2450" WIDTH="24"/>
							<String ID="P2_ST01055" HPOS="2268" VPOS="2406" WIDTH="186" HEIGHT="46" CONTENT="Custom" WC="0.99" CC="050020" STYLEREFS="TXT_14"/>
							<SP ID="P2_SP00854" HPOS="2454" VPOS="2452" WIDTH="35"/>
							<String ID="P2_ST01056" HPOS="2488" VPOS="2406" WIDTH="156" HEIGHT="43" CONTENT="House" WC="0.99" CC="00700" STYLEREFS="TXT_14"/>
							<SP ID="P2_SP00855" HPOS="2644" VPOS="2452" WIDTH="30"/>
							<String ID="P2_ST01057" HPOS="2674" VPOS="2406" WIDTH="151" HEIGHT="44" CONTENT="Street" WC="1.00" CC="003000" STYLEREFS="TXT_14"/>
						</TextLine>
					</TextBlock>
				</ComposedBlock>
				<ComposedBlock ID="P2_CB00003" HPOS="2069" VPOS="2613" WIDTH="888" HEIGHT="798" TYPE="Advertisement">
					<TextBlock ID="P2_TB00024" HPOS="2069" VPOS="2613" WIDTH="888" HEIGHT="798" language="en" STYLEREFS="TXT_3 PAR_LEFT">
						<TextLine ID="P2_TL00199" HPOS="2224" VPOS="2699" WIDTH="556" HEIGHT="81">
							<String ID="P2_ST01058" HPOS="2224" VPOS="2701" WIDTH="299" HEIGHT="79" CONTENT="Brown" WC="0.97" CC="66207" STYLEREFS="TXT_6"/>
							<SP ID="P2_SP00856" HPOS="2523" VPOS="2780" WIDTH="61"/>
							<String ID="P2_ST01059" HPOS="2584" VPOS="2699" WIDTH="195" HEIGHT="80" CONTENT="Men" WC="0.97" CC="007" STYLEREFS="TXT_6"/>
						</TextLine>
						<TextLine ID="P2_TL00200" HPOS="2106" VPOS="2885" WIDTH="806" HEIGHT="39">
							<String ID="P2_ST01060" HPOS="2106" VPOS="2885" WIDTH="69" HEIGHT="39" CONTENT="Do" WC="0.96" CC="00"/>
							<SP ID="P2_SP00857" HPOS="2175" VPOS="2924" WIDTH="36"/>
							<String ID="P2_ST01061" HPOS="2211" VPOS="2885" WIDTH="102" HEIGHT="39" CONTENT="You" WC="1.00" CC="000"/>
							<SP ID="P2_SP00858" HPOS="2313" VPOS="2924" WIDTH="36"/>
							<String ID="P2_ST01062" HPOS="2350" VPOS="2885" WIDTH="150" HEIGHT="39" CONTENT="Know" WC="0.99" CC="0600"/>
							<SP ID="P2_SP00859" HPOS="2499" VPOS="2924" WIDTH="38"/>
							<String ID="P2_ST01063" HPOS="2537" VPOS="2885" WIDTH="180" HEIGHT="39" CONTENT="What’s" WC="0.99" CC="000082"/>
							<SP ID="P2_SP00860" HPOS="2717" VPOS="2924" WIDTH="39"/>
							<String ID="P2_ST01064" HPOS="2756" VPOS="2885" WIDTH="156" HEIGHT="39" CONTENT="Good?" WC="1.00" CC="00021"/>
						</TextLine>
						<TextLine ID="P2_TL00201" HPOS="2288" VPOS="2975" WIDTH="435" HEIGHT="43">
							<String ID="P2_ST01065" HPOS="2288" VPOS="2975" WIDTH="148" HEIGHT="39" CONTENT="You’ll" WC="0.97" CC="207863" STYLEREFS="TXT_0"/>
							<SP ID="P2_SP00861" HPOS="2436" VPOS="3014" WIDTH="33"/>
							<String ID="P2_ST01066" HPOS="2469" VPOS="2976" WIDTH="110" HEIGHT="39" CONTENT="Find" WC="0.98" CC="0450" STYLEREFS="TXT_0"/>
							<SP ID="P2_SP00862" HPOS="2580" VPOS="3016" WIDTH="30"/>
							<String ID="P2_ST01067" HPOS="2609" VPOS="2975" WIDTH="41" HEIGHT="39" CONTENT="It" WC="0.76" CC="04" STYLEREFS="TXT_0"/>
							<SP ID="P2_SP00863" HPOS="2650" VPOS="3016" WIDTH="28"/>
							<String ID="P2_ST01068" HPOS="2679" VPOS="2984" WIDTH="44" HEIGHT="33" CONTENT="at" WC="1.00" CC="00" STYLEREFS="TXT_0"/>
						</TextLine>
						<TextLine ID="P2_TL00202" HPOS="2151" VPOS="3094" WIDTH="704" HEIGHT="84">
							<String ID="P2_ST01069" HPOS="2151" VPOS="3094" WIDTH="272" HEIGHT="83" CONTENT="KING" WC="1.00" CC="0000" STYLEREFS="TXT_6"/>
							<SP ID="P2_SP00864" HPOS="2424" VPOS="3178" WIDTH="58"/>
							<String ID="P2_ST01070" HPOS="2482" VPOS="3094" WIDTH="373" HEIGHT="83" CONTENT="FONG’S" WC="1.00" CC="400000" STYLEREFS="TXT_6"/>
						</TextLine>
						<TextLine ID="P2_TL00203" HPOS="2214" VPOS="3257" WIDTH="580" HEIGHT="54">
							<String ID="P2_ST01071" HPOS="2214" VPOS="3257" WIDTH="82" HEIGHT="41" CONTENT="205" WC="0.92" CC="002"/>
							<SP ID="P2_SP00865" HPOS="2296" VPOS="3298" WIDTH="35"/>
							<String ID="P2_ST01072" HPOS="2331" VPOS="3258" WIDTH="279" HEIGHT="52" CONTENT="Weybosset" WC="0.85" CC="000810200"/>
							<SP ID="P2_SP00866" HPOS="2609" VPOS="3310" WIDTH="35"/>
							<String ID="P2_ST01073" HPOS="2644" VPOS="3258" WIDTH="150" HEIGHT="41" CONTENT="Street" WC="1.00" CC="000200"/>
						</TextLine>
					</TextBlock>
				</ComposedBlock>
				<ComposedBlock ID="P2_CB00004" HPOS="2069" VPOS="3409" WIDTH="888" HEIGHT="1151" TYPE="Advertisement">
					<TextBlock ID="P2_TB00025" HPOS="2069" VPOS="3409" WIDTH="888" HEIGHT="1151" language="en" STYLEREFS="TXT_0 PAR_LEFT">
						<TextLine ID="P2_TL00204" HPOS="2272" VPOS="3540" WIDTH="464" HEIGHT="50">
							<String ID="P2_ST01074" HPOS="2272" VPOS="3542" WIDTH="128" HEIGHT="44" CONTENT="New," WC="0.99" CC="3000"/>
							<SP ID="P2_SP00867" HPOS="2400" VPOS="3586" WIDTH="38"/>
							<String ID="P2_ST01075" HPOS="2438" VPOS="3542" WIDTH="131" HEIGHT="44" CONTENT="Neat," WC="0.99" CC="50000"/>
							<SP ID="P2_SP00868" HPOS="2569" VPOS="3586" WIDTH="36"/>
							<String ID="P2_ST01076" HPOS="2605" VPOS="3540" WIDTH="131" HEIGHT="50" CONTENT="Nifty" WC="0.99" CC="02340"/>
						</TextLine>
						<TextLine ID="P2_TL00205" HPOS="2306" VPOS="3726" WIDTH="398" HEIGHT="80">
							<String ID="P2_ST01077" HPOS="2306" VPOS="3726" WIDTH="398" HEIGHT="80" CONTENT="OLIVER" WC="0.99" CC="202050" STYLEREFS="TXT_6"/>
						</TextLine>
						<TextLine ID="P2_TL00206" HPOS="2128" VPOS="3942" WIDTH="754" HEIGHT="39">
							<String ID="P2_ST01078" HPOS="2128" VPOS="3942" WIDTH="189" HEIGHT="39" CONTENT="CLASS" WC="1.00" CC="00000"/>
							<SP ID="P2_SP00869" HPOS="2317" VPOS="3981" WIDTH="33"/>
							<String ID="P2_ST01079" HPOS="2350" VPOS="3942" WIDTH="532" HEIGHT="39" CONTENT="PHOTOGRAPHER" WC="1.00" CC="300000404405"/>
						</TextLine>
						<TextLine ID="P2_TL00207" HPOS="2306" VPOS="4054" WIDTH="402" HEIGHT="43">
							<String ID="P2_ST01080" HPOS="2306" VPOS="4054" WIDTH="126" HEIGHT="41" CONTENT="FOR" WC="1.00" CC="000"/>
							<SP ID="P2_SP00870" HPOS="2431" VPOS="4094" WIDTH="36"/>
							<String ID="P2_ST01081" HPOS="2468" VPOS="4054" WIDTH="239" HEIGHT="43" CONTENT="BROWN" WC="1.00" CC="00000"/>
						</TextLine>
						<TextLine ID="P2_TL00208" HPOS="2209" VPOS="4167" WIDTH="597" HEIGHT="45">
							<String ID="P2_ST01082" HPOS="2209" VPOS="4169" WIDTH="87" HEIGHT="39" CONTENT="For" WC="1.00" CC="000"/>
							<SP ID="P2_SP00871" HPOS="2296" VPOS="4208" WIDTH="25"/>
							<String ID="P2_ST01083" HPOS="2321" VPOS="4167" WIDTH="77" HEIGHT="43" CONTENT="the" WC="1.00" CC="000"/>
							<SP ID="P2_SP00872" HPOS="2398" VPOS="4209" WIDTH="24"/>
							<String ID="P2_ST01084" HPOS="2422" VPOS="4169" WIDTH="110" HEIGHT="43" CONTENT="Past" WC="0.99" CC="4000"/>
							<SP ID="P2_SP00873" HPOS="2532" VPOS="4211" WIDTH="25"/>
							<String ID="P2_ST01085" HPOS="2557" VPOS="4167" WIDTH="79" HEIGHT="41" CONTENT="Six" WC="0.97" CC="061"/>
							<SP ID="P2_SP00874" HPOS="2636" VPOS="4211" WIDTH="25"/>
							<String ID="P2_ST01086" HPOS="2661" VPOS="4167" WIDTH="145" HEIGHT="41" CONTENT="Years" WC="0.98" CC="05500"/>
						</TextLine>
						<TextLine ID="P2_TL00209" HPOS="2162" VPOS="4280" WIDTH="688" HEIGHT="52">
							<String ID="P2_ST01087" HPOS="2162" VPOS="4280" WIDTH="175" HEIGHT="52" CONTENT="Special" WC="1.00" CC="0000000"/>
							<SP ID="P2_SP00875" HPOS="2337" VPOS="4332" WIDTH="38"/>
							<String ID="P2_ST01088" HPOS="2375" VPOS="4280" WIDTH="137" HEIGHT="41" CONTENT="Rates" WC="0.99" CC="52010"/>
							<SP ID="P2_SP00876" HPOS="2512" VPOS="4332" WIDTH="38"/>
							<String ID="P2_ST01089" HPOS="2550" VPOS="4290" WIDTH="46" HEIGHT="31" CONTENT="to" WC="1.00" CC="00"/>
							<SP ID="P2_SP00877" HPOS="2595" VPOS="4332" WIDTH="38"/>
							<String ID="P2_ST01090" HPOS="2633" VPOS="4280" WIDTH="217" HEIGHT="43" CONTENT="Students" WC="1.00" CC="03300000"/>
						</TextLine>
						<TextLine ID="P2_TL00210" HPOS="2071" VPOS="4416" WIDTH="868" HEIGHT="41">
							<String ID="P2_ST01091" HPOS="2071" VPOS="4416" WIDTH="79" HEIGHT="39" CONTENT="333" WC="0.44" CC="673"/>
							<SP ID="P2_SP00878" HPOS="2150" VPOS="4455" WIDTH="36"/>
							<String ID="P2_ST01092" HPOS="2186" VPOS="4416" WIDTH="476" HEIGHT="41" CONTENT="WESTMINSTER" WC="1.00" CC="00000000000"/>
							<SP ID="P2_SP00879" HPOS="2661" VPOS="4457" WIDTH="35"/>
							<String ID="P2_ST01093" HPOS="2696" VPOS="4416" WIDTH="243" HEIGHT="39" CONTENT="STREET" WC="1.00" CC="000000"/>
						</TextLine>
					</TextBlock>
				</ComposedBlock>
				<ComposedBlock ID="P2_CB00005" HPOS="2953" VPOS="1759" WIDTH="906" HEIGHT="1635" TYPE="Advertisement">
					<TextBlock ID="P2_TB00026" HPOS="2953" VPOS="1759" WIDTH="906" HEIGHT="1635" language="en" STYLEREFS="TXT_15 PAR_LEFT">
						<TextLine ID="P2_TL00211" HPOS="3049" VPOS="1866" WIDTH="729" HEIGHT="63">
							<String ID="P2_ST01094" HPOS="3049" VPOS="1866" WIDTH="85" HEIGHT="63" CONTENT="Of" WC="0.64" CC="07" STYLEREFS="TXT_16"/>
							<SP ID="P2_SP00880" HPOS="3134" VPOS="1929" WIDTH="33"/>
							<String ID="P2_ST01095" HPOS="3167" VPOS="1872" WIDTH="258" HEIGHT="57" CONTENT="Interest" WC="1.00" CC="01010004" STYLEREFS="TXT_17"/>
							<SP ID="P2_SP00881" HPOS="3425" VPOS="1929" WIDTH="30"/>
							<String ID="P2_ST01096" HPOS="3455" VPOS="1883" WIDTH="66" HEIGHT="44" CONTENT="to" WC="0.74" CC="04" STYLEREFS="TXT_17"/>
							<SP ID="P2_SP00882" HPOS="3521" VPOS="1929" WIDTH="35"/>
							<String ID="P2_ST01097" HPOS="3556" VPOS="1872" WIDTH="222" HEIGHT="54" CONTENT="Brown" WC="0.98" CC="50205" STYLEREFS="TXT_17"/>
						</TextLine>
						<TextLine ID="P2_TL00212" HPOS="3339" VPOS="1972" WIDTH="156" HEIGHT="57">
							<String ID="P2_ST01098" HPOS="3339" VPOS="1972" WIDTH="93" HEIGHT="57" CONTENT="Mt" WC="0.66" CC="06" STYLEREFS="TXT_17"/>
							<SP ID="P2_SP00883" HPOS="3431" VPOS="2028" WIDTH="24"/>
							<String ID="P2_ST01099" HPOS="3455" VPOS="1991" WIDTH="39" HEIGHT="36" CONTENT="n" WC="1.00" CC="0" STYLEREFS="TXT_17"/>
						</TextLine>
						<TextLine ID="P2_TL00213" HPOS="3025" VPOS="2098" WIDTH="823" HEIGHT="46">
							<String ID="P2_ST01100" HPOS="3025" VPOS="2101" WIDTH="121" HEIGHT="43" CONTENT="Every" WC="0.95" CC="59883"/>
							<SP ID="P2_SP00884" HPOS="3146" VPOS="2143" WIDTH="46"/>
							<String ID="P2_ST01101" HPOS="3192" VPOS="2099" WIDTH="205" HEIGHT="33" CONTENT="ambitious" WC="0.99" CC="005410377"/>
							<SP ID="P2_SP00885" HPOS="3397" VPOS="2143" WIDTH="46"/>
							<String ID="P2_ST01102" HPOS="3443" VPOS="2099" WIDTH="151" HEIGHT="31" CONTENT="student" WC="0.98" CC="6563170"/>
							<SP ID="P2_SP00886" HPOS="3594" VPOS="2143" WIDTH="44"/>
							<String ID="P2_ST01103" HPOS="3638" VPOS="2098" WIDTH="77" HEIGHT="33" CONTENT="will" WC="0.95" CC="9633"/>
							<SP ID="P2_SP00887" HPOS="3715" VPOS="2143" WIDTH="46"/>
							<String ID="P2_ST01104" HPOS="3761" VPOS="2106" WIDTH="87" HEIGHT="24" CONTENT="soon" WC="0.96" CC="4645"/>
						</TextLine>
						<TextLine ID="P2_TL00214" HPOS="2981" VPOS="2153" WIDTH="868" HEIGHT="44">
							<String ID="P2_ST01105" HPOS="2981" VPOS="2161" WIDTH="106" HEIGHT="31" CONTENT="enter" WC="0.96" CC="58443"/>
							<SP ID="P2_SP00888" HPOS="3087" VPOS="2192" WIDTH="60"/>
							<String ID="P2_ST01106" HPOS="3146" VPOS="2169" WIDTH="101" HEIGHT="22" CONTENT="some" WC="0.96" CC="7505"/>
							<SP ID="P2_SP00889" HPOS="3247" VPOS="2192" WIDTH="57"/>
							<String ID="P2_ST01107" HPOS="3304" VPOS="2157" WIDTH="172" HEIGHT="31" CONTENT="business" WC="0.98" CC="65756553"/>
							<SP ID="P2_SP00890" HPOS="3476" VPOS="2192" WIDTH="58"/>
							<String ID="P2_ST01108" HPOS="3534" VPOS="2167" WIDTH="39" HEIGHT="20" CONTENT="or" WC="0.47" CC="37"/>
							<SP ID="P2_SP00891" HPOS="3573" VPOS="2192" WIDTH="60"/>
							<String ID="P2_ST01109" HPOS="3633" VPOS="2153" WIDTH="216" HEIGHT="44" CONTENT="profession." WC="0.99" CC="66340735542"/>
						</TextLine>
						<TextLine ID="P2_TL00215" HPOS="2981" VPOS="2213" WIDTH="869" HEIGHT="44">
							<String ID="P2_ST01110" HPOS="2981" VPOS="2217" WIDTH="202" HEIGHT="30" CONTENT="Whatever" WC="0.98" CC="66050546"/>
							<SP ID="P2_SP00892" HPOS="3183" VPOS="2247" WIDTH="39"/>
							<String ID="P2_ST01111" HPOS="3222" VPOS="2216" WIDTH="30" HEIGHT="31" CONTENT="it" WC="0.69" CC="06"/>
							<SP ID="P2_SP00893" HPOS="3252" VPOS="2247" WIDTH="36"/>
							<String ID="P2_ST01112" HPOS="3288" VPOS="2225" WIDTH="88" HEIGHT="31" CONTENT="may" WC="0.96" CC="306"/>
							<SP ID="P2_SP00894" HPOS="3376" VPOS="2257" WIDTH="35"/>
							<String ID="P2_ST01113" HPOS="3411" VPOS="2214" WIDTH="55" HEIGHT="39" CONTENT="be," WC="0.98" CC="600"/>
							<SP ID="P2_SP00895" HPOS="3466" VPOS="2257" WIDTH="36"/>
							<String ID="P2_ST01114" HPOS="3502" VPOS="2224" WIDTH="20" HEIGHT="22" CONTENT="a" WC="0.81" CC="1"/>
							<SP ID="P2_SP00896" HPOS="3523" VPOS="2257" WIDTH="36"/>
							<String ID="P2_ST01115" HPOS="3559" VPOS="2213" WIDTH="214" HEIGHT="43" CONTENT="knowledge" WC="0.98" CC="075560653"/>
							<SP ID="P2_SP00897" HPOS="3773" VPOS="2257" WIDTH="38"/>
							<String ID="P2_ST01116" HPOS="3811" VPOS="2213" WIDTH="39" HEIGHT="30" CONTENT="of" WC="1.00" CC="00"/>
						</TextLine>
						<TextLine ID="P2_TL00216" HPOS="2981" VPOS="2269" WIDTH="603" HEIGHT="48">
							<String ID="P2_ST01117" HPOS="2981" VPOS="2274" WIDTH="167" HEIGHT="43" CONTENT="banking" WC="0.98" CC="5580063"/>
							<SP ID="P2_SP00898" HPOS="3148" VPOS="2317" WIDTH="22"/>
							<String ID="P2_ST01118" HPOS="3170" VPOS="2274" WIDTH="76" HEIGHT="30" CONTENT="will" WC="0.97" CC="8004"/>
							<SP ID="P2_SP00899" HPOS="3246" VPOS="2317" WIDTH="24"/>
							<String ID="P2_ST01119" HPOS="3269" VPOS="2282" WIDTH="112" HEIGHT="33" CONTENT="prove" WC="0.98" CC="71161"/>
							<SP ID="P2_SP00900" HPOS="3381" VPOS="2317" WIDTH="22"/>
							<String ID="P2_ST01120" HPOS="3403" VPOS="2269" WIDTH="181" HEIGHT="35" CONTENT="valuable." WC="0.99" CC="603690540"/>
						</TextLine>
						<TextLine ID="P2_TL00217" HPOS="3027" VPOS="2350" WIDTH="824" HEIGHT="46">
							<String ID="P2_ST01121" HPOS="3027" VPOS="2354" WIDTH="35" HEIGHT="31" CONTENT="If" WC="0.56" CC="71"/>
							<SP ID="P2_SP00901" HPOS="3061" VPOS="2386" WIDTH="30"/>
							<String ID="P2_ST01122" HPOS="3091" VPOS="2362" WIDTH="72" HEIGHT="33" CONTENT="you" WC="0.98" CC="006"/>
							<SP ID="P2_SP00902" HPOS="3164" VPOS="2395" WIDTH="30"/>
							<String ID="P2_ST01123" HPOS="3194" VPOS="2353" WIDTH="120" HEIGHT="33" CONTENT="would" WC="0.98" CC="00670"/>
							<SP ID="P2_SP00903" HPOS="3313" VPOS="2395" WIDTH="28"/>
							<String ID="P2_ST01124" HPOS="3342" VPOS="2351" WIDTH="74" HEIGHT="33" CONTENT="like" WC="0.98" CC="0402"/>
							<SP ID="P2_SP00904" HPOS="3416" VPOS="2395" WIDTH="27"/>
							<String ID="P2_ST01125" HPOS="3443" VPOS="2353" WIDTH="39" HEIGHT="30" CONTENT="to" WC="0.79" CC="40"/>
							<SP ID="P2_SP00905" HPOS="3482" VPOS="2395" WIDTH="27"/>
							<String ID="P2_ST01126" HPOS="3509" VPOS="2351" WIDTH="146" HEIGHT="41" CONTENT="acquire" WC="0.98" CC="0656050"/>
							<SP ID="P2_SP00906" HPOS="3655" VPOS="2395" WIDTH="28"/>
							<String ID="P2_ST01127" HPOS="3683" VPOS="2361" WIDTH="98" HEIGHT="20" CONTENT="some" WC="0.96" CC="7560"/>
							<SP ID="P2_SP00907" HPOS="3781" VPOS="2395" WIDTH="31"/>
							<String ID="P2_ST01128" HPOS="3813" VPOS="2350" WIDTH="38" HEIGHT="30" CONTENT="of" WC="0.72" CC="50"/>
						</TextLine>
						<TextLine ID="P2_TL00218" HPOS="2981" VPOS="2405" WIDTH="866" HEIGHT="43">
							<String ID="P2_ST01129" HPOS="2981" VPOS="2411" WIDTH="79" HEIGHT="33" CONTENT="this" WC="0.96" CC="0259"/>
							<SP ID="P2_SP00908" HPOS="3060" VPOS="2444" WIDTH="35"/>
							<String ID="P2_ST01130" HPOS="3094" VPOS="2409" WIDTH="244" HEIGHT="33" CONTENT="information" WC="0.99" CC="02426400732"/>
							<SP ID="P2_SP00909" HPOS="3339" VPOS="2444" WIDTH="35"/>
							<String ID="P2_ST01131" HPOS="3373" VPOS="2420" WIDTH="93" HEIGHT="27" CONTENT="now," WC="0.98" CC="7000"/>
							<SP ID="P2_SP00910" HPOS="3466" VPOS="2447" WIDTH="35"/>
							<String ID="P2_ST01132" HPOS="3501" VPOS="2419" WIDTH="65" HEIGHT="22" CONTENT="our" WC="0.95" CC="166"/>
							<SP ID="P2_SP00911" HPOS="3565" VPOS="2447" WIDTH="36"/>
							<String ID="P2_ST01133" HPOS="3602" VPOS="2406" WIDTH="137" HEIGHT="33" CONTENT="officers" WC="0.99" CC="40007253"/>
							<SP ID="P2_SP00912" HPOS="3739" VPOS="2447" WIDTH="35"/>
							<String ID="P2_ST01134" HPOS="3773" VPOS="2405" WIDTH="74" HEIGHT="33" CONTENT="will" WC="0.96" CC="9510"/>
						</TextLine>
						<TextLine ID="P2_TL00219" HPOS="2981" VPOS="2463" WIDTH="868" HEIGHT="48">
							<String ID="P2_ST01135" HPOS="2981" VPOS="2469" WIDTH="44" HEIGHT="31" CONTENT="be" WC="0.66" CC="33"/>
							<SP ID="P2_SP00913" HPOS="3025" VPOS="2501" WIDTH="35"/>
							<String ID="P2_ST01136" HPOS="3060" VPOS="2468" WIDTH="87" HEIGHT="43" CONTENT="glad" WC="0.97" CC="5250"/>
							<SP ID="P2_SP00914" HPOS="3146" VPOS="2510" WIDTH="33"/>
							<String ID="P2_ST01137" HPOS="3180" VPOS="2471" WIDTH="39" HEIGHT="28" CONTENT="to" WC="0.67" CC="60"/>
							<SP ID="P2_SP00915" HPOS="3219" VPOS="2510" WIDTH="33"/>
							<String ID="P2_ST01138" HPOS="3252" VPOS="2476" WIDTH="145" HEIGHT="24" CONTENT="answer" WC="0.97" CC="557656"/>
							<SP ID="P2_SP00916" HPOS="3397" VPOS="2510" WIDTH="33"/>
							<String ID="P2_ST01139" HPOS="3430" VPOS="2476" WIDTH="74" HEIGHT="33" CONTENT="any" WC="0.91" CC="969"/>
							<SP ID="P2_SP00917" HPOS="3504" VPOS="2510" WIDTH="35"/>
							<String ID="P2_ST01140" HPOS="3539" VPOS="2465" WIDTH="191" HEIGHT="44" CONTENT="questions" WC="0.98" CC="273724347"/>
							<SP ID="P2_SP00918" HPOS="3729" VPOS="2510" WIDTH="35"/>
							<String ID="P2_ST01141" HPOS="3764" VPOS="2463" WIDTH="85" HEIGHT="31" CONTENT="that" WC="0.98" CC="0700"/>
						</TextLine>
						<TextLine ID="P2_TL00220" HPOS="2981" VPOS="2524" WIDTH="353" HEIGHT="45">
							<String ID="P2_ST01142" HPOS="2981" VPOS="2535" WIDTH="74" HEIGHT="33" CONTENT="you" WC="0.93" CC="946"/>
							<SP ID="P2_SP00919" HPOS="3055" VPOS="2569" WIDTH="28"/>
							<String ID="P2_ST01143" HPOS="3083" VPOS="2535" WIDTH="80" HEIGHT="22" CONTENT="care" WC="0.98" CC="4300"/>
							<SP ID="P2_SP00920" HPOS="3164" VPOS="2569" WIDTH="27"/>
							<String ID="P2_ST01144" HPOS="3191" VPOS="2526" WIDTH="39" HEIGHT="31" CONTENT="to" WC="0.78" CC="04"/>
							<SP ID="P2_SP00921" HPOS="3230" VPOS="2569" WIDTH="25"/>
							<String ID="P2_ST01145" HPOS="3255" VPOS="2524" WIDTH="79" HEIGHT="33" CONTENT="ask." WC="0.99" CC="0500"/>
						</TextLine>
						<TextLine ID="P2_TL00221" HPOS="3025" VPOS="2598" WIDTH="824" HEIGHT="48">
							<String ID="P2_ST01146" HPOS="3025" VPOS="2603" WIDTH="112" HEIGHT="35" CONTENT="Come" WC="0.95" CC="6493"/>
							<SP ID="P2_SP00922" HPOS="3137" VPOS="2638" WIDTH="36"/>
							<String ID="P2_ST01147" HPOS="3173" VPOS="2603" WIDTH="38" HEIGHT="33" CONTENT="in" WC="0.50" CC="27"/>
							<SP ID="P2_SP00923" HPOS="3211" VPOS="2638" WIDTH="41"/>
							<String ID="P2_ST01148" HPOS="3252" VPOS="2603" WIDTH="113" HEIGHT="43" CONTENT="today" WC="1.00" CC="00000"/>
							<SP ID="P2_SP00924" HPOS="3365" VPOS="2646" WIDTH="41"/>
							<String ID="P2_ST01149" HPOS="3406" VPOS="2603" WIDTH="72" HEIGHT="31" CONTENT="and" WC="0.92" CC="389"/>
							<SP ID="P2_SP00925" HPOS="3479" VPOS="2646" WIDTH="38"/>
							<String ID="P2_ST01150" HPOS="3517" VPOS="2603" WIDTH="63" HEIGHT="41" CONTENT="get" WC="0.98" CC="500"/>
							<SP ID="P2_SP00926" HPOS="3580" VPOS="2646" WIDTH="38"/>
							<String ID="P2_ST01151" HPOS="3617" VPOS="2598" WIDTH="231" HEIGHT="44" CONTENT="acquainted," WC="0.99" CC="31078070002"/>
						</TextLine>
						<TextLine ID="P2_TL00222" HPOS="2983" VPOS="2657" WIDTH="865" HEIGHT="38">
							<String ID="P2_ST01152" HPOS="2983" VPOS="2661" WIDTH="101" HEIGHT="33" CONTENT="kook" WC="0.95" CC="7427"/>
							<SP ID="P2_SP00927" HPOS="3083" VPOS="2694" WIDTH="35"/>
							<String ID="P2_ST01153" HPOS="3118" VPOS="2672" WIDTH="87" HEIGHT="20" CONTENT="over" WC="0.97" CC="7007"/>
							<SP ID="P2_SP00928" HPOS="3205" VPOS="2694" WIDTH="31"/>
							<String ID="P2_ST01154" HPOS="3236" VPOS="2672" WIDTH="68" HEIGHT="20" CONTENT="our" WC="0.98" CC="030"/>
							<SP ID="P2_SP00929" HPOS="3304" VPOS="2694" WIDTH="31"/>
							<String ID="P2_ST01155" HPOS="3335" VPOS="2660" WIDTH="178" HEIGHT="33" CONTENT="facilities" WC="0.99" CC="6041140005"/>
							<SP ID="P2_SP00930" HPOS="3513" VPOS="2694" WIDTH="31"/>
							<String ID="P2_ST01156" HPOS="3545" VPOS="2658" WIDTH="72" HEIGHT="33" CONTENT="and" WC="0.95" CC="904"/>
							<SP ID="P2_SP00931" HPOS="3617" VPOS="2694" WIDTH="33"/>
							<String ID="P2_ST01157" HPOS="3650" VPOS="2658" WIDTH="87" HEIGHT="33" CONTENT="note" WC="0.98" CC="3220"/>
							<SP ID="P2_SP00932" HPOS="3737" VPOS="2694" WIDTH="31"/>
							<String ID="P2_ST01158" HPOS="3769" VPOS="2657" WIDTH="79" HEIGHT="33" CONTENT="how" WC="0.97" CC="016"/>
						</TextLine>
						<TextLine ID="P2_TL00223" HPOS="2983" VPOS="2715" WIDTH="866" HEIGHT="46">
							<String ID="P2_ST01159" HPOS="2983" VPOS="2729" WIDTH="68" HEIGHT="22" CONTENT="our" WC="0.95" CC="274"/>
							<SP ID="P2_SP00933" HPOS="3050" VPOS="2751" WIDTH="38"/>
							<String ID="P2_ST01160" HPOS="3088" VPOS="2718" WIDTH="214" HEIGHT="43" CONTENT="equipment" WC="0.98" CC="466093264"/>
							<SP ID="P2_SP00934" HPOS="3302" VPOS="2761" WIDTH="36"/>
							<String ID="P2_ST01161" HPOS="3339" VPOS="2717" WIDTH="68" HEIGHT="33" CONTENT="has" WC="0.96" CC="056"/>
							<SP ID="P2_SP00935" HPOS="3406" VPOS="2761" WIDTH="36"/>
							<String ID="P2_ST01162" HPOS="3443" VPOS="2717" WIDTH="88" HEIGHT="33" CONTENT="been" WC="0.97" CC="0047"/>
							<SP ID="P2_SP00936" HPOS="3531" VPOS="2761" WIDTH="43"/>
							<String ID="P2_ST01163" HPOS="3573" VPOS="2715" WIDTH="181" HEIGHT="43" CONTENT="carefully" WC="0.99" CC="433053040"/>
							<SP ID="P2_SP00937" HPOS="3754" VPOS="2761" WIDTH="36"/>
							<String ID="P2_ST01164" HPOS="3791" VPOS="2715" WIDTH="39" HEIGHT="31" CONTENT="de" SUBS_TYPE="HypPart1" SUBS_CONTENT="designed" WC="0.95" CC="70"/>
							<HYP HPOS="3830" VPOS="2715" WIDTH="19" CONTENT="-"/>
						</TextLine>
						<TextLine ID="P2_TL00224" HPOS="2984" VPOS="2772" WIDTH="868" HEIGHT="47">
							<String ID="P2_ST01165" HPOS="2984" VPOS="2776" WIDTH="128" HEIGHT="43" CONTENT="signed" SUBS_TYPE="HypPart2" SUBS_CONTENT="designed" WC="0.97" CC="769603"/>
							<SP ID="P2_SP00938" HPOS="3112" VPOS="2819" WIDTH="33"/>
							<String ID="P2_ST01166" HPOS="3145" VPOS="2778" WIDTH="39" HEIGHT="30" CONTENT="to" WC="0.40" CC="56"/>
							<SP ID="P2_SP00939" HPOS="3184" VPOS="2819" WIDTH="36"/>
							<String ID="P2_ST01167" HPOS="3220" VPOS="2776" WIDTH="143" HEIGHT="41" CONTENT="protect" WC="0.99" CC="0535150"/>
							<SP ID="P2_SP00940" HPOS="3364" VPOS="2819" WIDTH="36"/>
							<String ID="P2_ST01168" HPOS="3400" VPOS="2775" WIDTH="63" HEIGHT="31" CONTENT="the" WC="0.97" CC="044"/>
							<SP ID="P2_SP00941" HPOS="3463" VPOS="2819" WIDTH="36"/>
							<String ID="P2_ST01169" HPOS="3499" VPOS="2773" WIDTH="176" HEIGHT="31" CONTENT="interests" WC="0.99" CC="370250607"/>
							<SP ID="P2_SP00942" HPOS="3676" VPOS="2819" WIDTH="36"/>
							<String ID="P2_ST01170" HPOS="3712" VPOS="2772" WIDTH="38" HEIGHT="31" CONTENT="of" WC="0.61" CC="07"/>
							<SP ID="P2_SP00943" HPOS="3750" VPOS="2819" WIDTH="33"/>
							<String ID="P2_ST01171" HPOS="3783" VPOS="2781" WIDTH="69" HEIGHT="22" CONTENT="our" WC="0.94" CC="547"/>
						</TextLine>
						<TextLine ID="P2_TL00225" HPOS="2983" VPOS="2835" WIDTH="216" HEIGHT="31">
							<String ID="P2_ST01172" HPOS="2983" VPOS="2835" WIDTH="216" HEIGHT="31" CONTENT="customers." WC="0.99" CC="6174400660"/>
						</TextLine>
						<TextLine ID="P2_TL00226" HPOS="3252" VPOS="3217" WIDTH="313" HEIGHT="27">
							<String ID="P2_ST01173" HPOS="3252" VPOS="3222" WIDTH="25" HEIGHT="22" CONTENT="15" WC="0.30" CC="57" STYLEREFS="TXT_18"/>
							<SP ID="P2_SP00944" HPOS="3277" VPOS="3244" WIDTH="11"/>
							<String ID="P2_ST01174" HPOS="3288" VPOS="3217" WIDTH="224" HEIGHT="25" CONTENT="WESTMINSTER" WC="0.98" CC="07566667787" STYLEREFS="TXT_18"/>
							<SP ID="P2_SP00945" HPOS="3512" VPOS="3244" WIDTH="17"/>
							<String ID="P2_ST01175" HPOS="3529" VPOS="3217" WIDTH="36" HEIGHT="22" CONTENT="ST." WC="0.96" CC="602" STYLEREFS="TXT_18"/>
						</TextLine>
					</TextBlock>
				</ComposedBlock>
				<ComposedBlock ID="P2_CB00006" HPOS="2953" VPOS="3392" WIDTH="906" HEIGHT="1167" TYPE="Advertisement">
					<TextBlock ID="P2_TB00027" HPOS="2953" VPOS="3392" WIDTH="906" HEIGHT="1167" language="en" STYLEREFS="TXT_15 PAR_LEFT">
						<TextLine ID="P2_TL00227" HPOS="2991" VPOS="3498" WIDTH="844" HEIGHT="43">
							<String ID="P2_ST01176" HPOS="2991" VPOS="3498" WIDTH="153" HEIGHT="35" CONTENT="Edward" WC="0.97" CC="706247"/>
							<SP ID="P2_SP00946" HPOS="3143" VPOS="3532" WIDTH="17"/>
							<String ID="P2_ST01177" HPOS="3161" VPOS="3498" WIDTH="38" HEIGHT="33" CONTENT="E." WC="0.68" CC="60"/>
							<SP ID="P2_SP00947" HPOS="3198" VPOS="3532" WIDTH="17"/>
							<String ID="P2_ST01178" HPOS="3216" VPOS="3498" WIDTH="148" HEIGHT="39" CONTENT="Arnold," WC="0.99" CC="4036050"/>
							<SP ID="P2_SP00948" HPOS="3364" VPOS="3537" WIDTH="17"/>
							<String ID="P2_ST01179" HPOS="3381" VPOS="3499" WIDTH="96" HEIGHT="31" CONTENT="Pres." WC="0.97" CC="77060"/>
							<SP ID="P2_SP00949" HPOS="3477" VPOS="3537" WIDTH="38"/>
							<String ID="P2_ST01180" HPOS="3515" VPOS="3498" WIDTH="162" HEIGHT="33" CONTENT="William" WC="0.98" CC="4505634"/>
							<SP ID="P2_SP00950" HPOS="3677" VPOS="3537" WIDTH="17"/>
							<String ID="P2_ST01181" HPOS="3694" VPOS="3498" WIDTH="43" HEIGHT="31" CONTENT="H." WC="0.68" CC="60"/>
							<SP ID="P2_SP00951" HPOS="3737" VPOS="3537" WIDTH="14"/>
							<String ID="P2_ST01182" HPOS="3751" VPOS="3498" WIDTH="83" HEIGHT="43" CONTENT="Hay" WC="0.92" CC="866"/>
						</TextLine>
						<TextLine ID="P2_TL00228" HPOS="3024" VPOS="3554" WIDTH="795" HEIGHT="35">
							<String ID="P2_ST01183" HPOS="3024" VPOS="3556" WIDTH="110" HEIGHT="33" CONTENT="ward," WC="0.98" CC="40090"/>
							<SP ID="P2_SP00952" HPOS="3134" VPOS="3589" WIDTH="14"/>
							<String ID="P2_ST01184" HPOS="3148" VPOS="3556" WIDTH="124" HEIGHT="31" CONTENT="Treas." WC="0.76" CC="600240"/>
							<SP ID="P2_SP00953" HPOS="3272" VPOS="3589" WIDTH="46"/>
							<String ID="P2_ST01185" HPOS="3318" VPOS="3556" WIDTH="159" HEIGHT="31" CONTENT="Edward" WC="0.97" CC="606850"/>
							<SP ID="P2_SP00954" HPOS="3477" VPOS="3589" WIDTH="14"/>
							<String ID="P2_ST01186" HPOS="3491" VPOS="3556" WIDTH="47" HEIGHT="30" CONTENT="M." WC="0.94" CC="10"/>
							<SP ID="P2_SP00955" HPOS="3539" VPOS="3589" WIDTH="16"/>
							<String ID="P2_ST01187" HPOS="3554" VPOS="3554" WIDTH="175" HEIGHT="33" CONTENT="Johnson," WC="0.98" CC="74665770"/>
							<SP ID="P2_SP00956" HPOS="3729" VPOS="3589" WIDTH="17"/>
							<String ID="P2_ST01188" HPOS="3746" VPOS="3554" WIDTH="72" HEIGHT="31" CONTENT="See." WC="0.97" CC="6080"/>
						</TextLine>
						<TextLine ID="P2_TL00229" HPOS="2981" VPOS="3663" WIDTH="871" HEIGHT="118">
							<String ID="P2_ST01189" HPOS="2981" VPOS="3663" WIDTH="378" HEIGHT="118" CONTENT="ARNOLD," WC="0.99" CC="0107243" STYLEREFS="TXT_12"/>
							<SP ID="P2_SP00957" HPOS="3359" VPOS="3781" WIDTH="85"/>
							<String ID="P2_ST01190" HPOS="3444" VPOS="3663" WIDTH="408" HEIGHT="104" CONTENT="HOFFMAN" WC="0.99" CC="6512004" STYLEREFS="TXT_12"/>
						</TextLine>
						<TextLine ID="P2_TL00230" HPOS="3104" VPOS="3819" WIDTH="628" HEIGHT="117">
							<String ID="P2_ST01191" HPOS="3104" VPOS="3819" WIDTH="439" HEIGHT="117" CONTENT="COMPANY," WC="0.99" CC="75000003" STYLEREFS="TXT_12"/>
							<SP ID="P2_SP00958" HPOS="3543" VPOS="3935" WIDTH="55"/>
							<String ID="P2_ST01192" HPOS="3598" VPOS="3820" WIDTH="134" HEIGHT="102" CONTENT="Inc." WC="0.97" CC="5621" STYLEREFS="TXT_12"/>
						</TextLine>
						<TextLine ID="P2_TL00231" HPOS="3241" VPOS="3967" WIDTH="351" HEIGHT="43">
							<String ID="P2_ST01193" HPOS="3241" VPOS="3967" WIDTH="236" HEIGHT="35" CONTENT="Established" WC="0.99" CC="41014025607"/>
							<SP ID="P2_SP00959" HPOS="3477" VPOS="4002" WIDTH="33"/>
							<String ID="P2_ST01194" HPOS="3510" VPOS="3972" WIDTH="82" HEIGHT="38" CONTENT="1815" WC="0.87" CC="0400"/>
						</TextLine>
						<TextLine ID="P2_TL00232" HPOS="2991" VPOS="4082" WIDTH="858" HEIGHT="57">
							<String ID="P2_ST01195" HPOS="2991" VPOS="4090" WIDTH="260" HEIGHT="49" CONTENT="Importers," WC="1.00" CC="8000000000" STYLEREFS="TXT_0"/>
							<SP ID="P2_SP00960" HPOS="3250" VPOS="4139" WIDTH="27"/>
							<String ID="P2_ST01196" HPOS="3277" VPOS="4082" WIDTH="192" HEIGHT="50" CONTENT="Jobbers" WC="1.00" CC="0080000" STYLEREFS="TXT_0"/>
							<SP ID="P2_SP00961" HPOS="3469" VPOS="4139" WIDTH="27"/>
							<String ID="P2_ST01197" HPOS="3496" VPOS="4090" WIDTH="90" HEIGHT="39" CONTENT="and" WC="0.99" CC="110" STYLEREFS="TXT_0"/>
							<SP ID="P2_SP00962" HPOS="3586" VPOS="4139" WIDTH="28"/>
							<String ID="P2_ST01198" HPOS="3614" VPOS="4088" WIDTH="206" HEIGHT="41" CONTENT="Manufac" SUBS_TYPE="HypPart1" SUBS_CONTENT="Manufacturers" WC="0.99" CC="0740007" STYLEREFS="TXT_0"/>
							<HYP HPOS="3820" VPOS="4088" WIDTH="28" CONTENT="-"/>
						</TextLine>
						<TextLine ID="P2_TL00233" HPOS="3038" VPOS="4191" WIDTH="754" HEIGHT="52">
							<String ID="P2_ST01199" HPOS="3038" VPOS="4198" WIDTH="146" HEIGHT="31" CONTENT="turers" SUBS_TYPE="HypPart2" SUBS_CONTENT="Manufacturers" WC="0.99" CC="500240" STYLEREFS="TXT_0"/>
							<SP ID="P2_SP00963" HPOS="3184" VPOS="4230" WIDTH="31"/>
							<String ID="P2_ST01200" HPOS="3216" VPOS="4192" WIDTH="46" HEIGHT="39" CONTENT="of" WC="0.78" CC="04" STYLEREFS="TXT_0"/>
							<SP ID="P2_SP00964" HPOS="3261" VPOS="4231" WIDTH="31"/>
							<String ID="P2_ST01201" HPOS="3293" VPOS="4191" WIDTH="176" HEIGHT="52" CONTENT="Indigo," WC="0.98" CC="0056900" STYLEREFS="TXT_0"/>
							<SP ID="P2_SP00965" HPOS="3469" VPOS="4243" WIDTH="33"/>
							<String ID="P2_ST01202" HPOS="3502" VPOS="4191" WIDTH="99" HEIGHT="50" CONTENT="Dye" WC="0.96" CC="650" STYLEREFS="TXT_0"/>
							<SP ID="P2_SP00966" HPOS="3602" VPOS="4243" WIDTH="33"/>
							<String ID="P2_ST01203" HPOS="3635" VPOS="4191" WIDTH="157" HEIGHT="47" CONTENT="Stuffs," WC="0.99" CC="0305702" STYLEREFS="TXT_0"/>
						</TextLine>
						<TextLine ID="P2_TL00234" HPOS="3291" VPOS="4282" WIDTH="254" HEIGHT="43">
							<String ID="P2_ST01204" HPOS="3291" VPOS="4282" WIDTH="254" HEIGHT="43" CONTENT="Chemicals" WC="1.00" CC="000010040" STYLEREFS="TXT_0"/>
						</TextLine>
						<TextLine ID="P2_TL00235" HPOS="2991" VPOS="4417" WIDTH="857" HEIGHT="38">
							<String ID="P2_ST01205" HPOS="2991" VPOS="4419" WIDTH="228" HEIGHT="36" CONTENT="Providence," WC="0.99" CC="72422037400"/>
							<SP ID="P2_SP00967" HPOS="3219" VPOS="4455" WIDTH="38"/>
							<String ID="P2_ST01206" HPOS="3257" VPOS="4417" WIDTH="90" HEIGHT="31" CONTENT="New" WC="0.96" CC="820"/>
							<SP ID="P2_SP00968" HPOS="3346" VPOS="4455" WIDTH="39"/>
							<String ID="P2_ST01207" HPOS="3386" VPOS="4417" WIDTH="113" HEIGHT="38" CONTENT="York," WC="0.99" CC="30240"/>
							<SP ID="P2_SP00969" HPOS="3499" VPOS="4455" WIDTH="38"/>
							<String ID="P2_ST01208" HPOS="3537" VPOS="4417" WIDTH="151" HEIGHT="38" CONTENT="Boston," WC="0.98" CC="5560560"/>
							<SP ID="P2_SP00970" HPOS="3688" VPOS="4455" WIDTH="39"/>
							<String ID="P2_ST01209" HPOS="3728" VPOS="4417" WIDTH="101" HEIGHT="31" CONTENT="Phila" SUBS_TYPE="HypPart1" SUBS_CONTENT="Philadelphia," WC="0.99" CC="70005"/>
							<HYP HPOS="3828" VPOS="4417" WIDTH="19" CONTENT="-"/>
						</TextLine>
						<TextLine ID="P2_TL00236" HPOS="3102" VPOS="4483" WIDTH="632" HEIGHT="45">
							<String ID="P2_ST01210" HPOS="3102" VPOS="4485" WIDTH="157" HEIGHT="43" CONTENT="delphia," SUBS_TYPE="HypPart2" SUBS_CONTENT="Philadelphia," WC="0.99" CC="50400460"/>
							<SP ID="P2_SP00971" HPOS="3260" VPOS="4528" WIDTH="31"/>
							<String ID="P2_ST01211" HPOS="3291" VPOS="4485" WIDTH="72" HEIGHT="31" CONTENT="and" WC="0.94" CC="249"/>
							<SP ID="P2_SP00972" HPOS="3364" VPOS="4528" WIDTH="27"/>
							<String ID="P2_ST01212" HPOS="3391" VPOS="4485" WIDTH="206" HEIGHT="36" CONTENT="Charlotte," WC="0.99" CC="2015251300"/>
							<SP ID="P2_SP00973" HPOS="3597" VPOS="4528" WIDTH="27"/>
							<String ID="P2_ST01213" HPOS="3624" VPOS="4483" WIDTH="46" HEIGHT="33" CONTENT="N." WC="0.46" CC="73"/>
							<SP ID="P2_SP00974" HPOS="3669" VPOS="4528" WIDTH="28"/>
							<String ID="P2_ST01214" HPOS="3698" VPOS="4483" WIDTH="36" HEIGHT="35" CONTENT="C." WC="0.77" CC="04"/>
						</TextLine>
					</TextBlock>
				</ComposedBlock>
				<ComposedBlock ID="P2_CB00007" HPOS="2069" VPOS="4554" WIDTH="1787" HEIGHT="540" TYPE="Advertisement">
					<TextBlock ID="P2_TB00028" HPOS="2069" VPOS="4554" WIDTH="1787" HEIGHT="540" language="en" STYLEREFS="TXT_19 PAR_LEFT">
						<TextLine ID="P2_TL00237" HPOS="2362" VPOS="4609" WIDTH="1195" HEIGHT="90">
							<String ID="P2_ST01215" HPOS="2362" VPOS="4611" WIDTH="164" HEIGHT="88" CONTENT="YE" WC="0.89" CC="02" STYLEREFS="TXT_20"/>
							<SP ID="P2_SP00975" HPOS="2526" VPOS="4699" WIDTH="69"/>
							<String ID="P2_ST01216" HPOS="2595" VPOS="4609" WIDTH="372" HEIGHT="90" CONTENT="ROSE" WC="0.99" CC="0002" STYLEREFS="TXT_20"/>
							<SP ID="P2_SP00976" HPOS="2967" VPOS="4699" WIDTH="61"/>
							<String ID="P2_ST01217" HPOS="3028" VPOS="4609" WIDTH="529" HEIGHT="90" CONTENT="STUDIO" WC="1.00" CC="000000" STYLEREFS="TXT_20"/>
						</TextLine>
						<TextLine ID="P2_TL00238" HPOS="2310" VPOS="4778" WIDTH="1323" HEIGHT="52">
							<String ID="P2_ST01218" HPOS="2310" VPOS="4778" WIDTH="276" HEIGHT="52" CONTENT="SPECIAL" WC="0.99" CC="0000602"/>
							<SP ID="P2_SP00977" HPOS="2586" VPOS="4830" WIDTH="28"/>
							<String ID="P2_ST01219" HPOS="2614" VPOS="4778" WIDTH="216" HEIGHT="52" CONTENT="RATES" WC="0.98" CC="16002"/>
							<SP ID="P2_SP00978" HPOS="2830" VPOS="4830" WIDTH="28"/>
							<String ID="P2_ST01220" HPOS="2858" VPOS="4778" WIDTH="94" HEIGHT="52" CONTENT="TO" WC="0.63" CC="15"/>
							<SP ID="P2_SP00979" HPOS="2953" VPOS="4830" WIDTH="31"/>
							<String ID="P2_ST01221" HPOS="2984" VPOS="4778" WIDTH="260" HEIGHT="52" CONTENT="BROWN" WC="0.99" CC="20002"/>
							<SP ID="P2_SP00980" HPOS="3244" VPOS="4830" WIDTH="33"/>
							<String ID="P2_ST01222" HPOS="3277" VPOS="4778" WIDTH="356" HEIGHT="52" CONTENT="STUDENTS" WC="1.00" CC="00640000"/>
						</TextLine>
						<TextLine ID="P2_TL00239" HPOS="2543" VPOS="4857" WIDTH="861" HEIGHT="52">
							<String ID="P2_ST01223" HPOS="2543" VPOS="4857" WIDTH="310" HEIGHT="50" CONTENT="ARTISTIC" WC="1.00" CC="00040060"/>
							<SP ID="P2_SP00981" HPOS="2854" VPOS="4907" WIDTH="30"/>
							<String ID="P2_ST01224" HPOS="2883" VPOS="4857" WIDTH="521" HEIGHT="52" CONTENT="PHOTOGRAPHS" WC="1.00" CC="00002300000"/>
						</TextLine>
						<TextLine ID="P2_TL00240" HPOS="2085" VPOS="4939" WIDTH="1764" HEIGHT="57">
							<String ID="P2_ST01225" HPOS="2085" VPOS="4939" WIDTH="96" HEIGHT="49" CONTENT="385" WC="0.55" CC="652"/>
							<SP ID="P2_SP00982" HPOS="2181" VPOS="4987" WIDTH="44"/>
							<String ID="P2_ST01226" HPOS="2225" VPOS="4939" WIDTH="357" HEIGHT="49" CONTENT="Westminster" WC="1.00" CC="44000010030"/>
							<SP ID="P2_SP00983" HPOS="2583" VPOS="4987" WIDTH="36"/>
							<String ID="P2_ST01227" HPOS="2619" VPOS="4939" WIDTH="85" HEIGHT="57" CONTENT="St.," WC="1.00" CC="0000"/>
							<SP ID="P2_SP00984" HPOS="2704" VPOS="4995" WIDTH="650"/>
							<String ID="P2_ST01228" HPOS="3354" VPOS="4939" WIDTH="324" HEIGHT="52" CONTENT="Providence," WC="1.00" CC="30001000310"/>
							<SP ID="P2_SP00985" HPOS="3679" VPOS="4995" WIDTH="46"/>
							<String ID="P2_ST01229" HPOS="3724" VPOS="4940" WIDTH="54" HEIGHT="47" CONTENT="R." WC="0.80" CC="30"/>
							<SP ID="P2_SP00986" HPOS="3778" VPOS="4995" WIDTH="43"/>
							<String ID="P2_ST01230" HPOS="3820" VPOS="4939" WIDTH="28" HEIGHT="47" CONTENT="1." WC="0.81" CC="30"/>
						</TextLine>
						<TextLine ID="P2_TL00241" HPOS="2849" VPOS="5003" WIDTH="378" HEIGHT="35">
							<String ID="P2_ST01231" HPOS="2849" VPOS="5003" WIDTH="41" HEIGHT="35" CONTENT="A." WC="0.71" CC="50" STYLEREFS="TXT_15"/>
							<SP ID="P2_SP00987" HPOS="2890" VPOS="5038" WIDTH="22"/>
							<String ID="P2_ST01232" HPOS="2912" VPOS="5005" WIDTH="38" HEIGHT="33" CONTENT="G." WC="0.76" CC="12" STYLEREFS="TXT_15"/>
							<SP ID="P2_SP00988" HPOS="2950" VPOS="5038" WIDTH="20"/>
							<String ID="P2_ST01233" HPOS="2970" VPOS="5003" WIDTH="257" HEIGHT="35" CONTENT="SKONBERu" WC="0.66" CC="05060077" STYLEREFS="TXT_15"/>
						</TextLine>
					</TextBlock>
				</ComposedBlock>
				<ComposedBlock ID="P2_CB00008" HPOS="2069" VPOS="5093" WIDTH="1787" HEIGHT="732" TYPE="Advertisement">
					<TextBlock ID="P2_TB00029" HPOS="2069" VPOS="5093" WIDTH="1787" HEIGHT="732" language="en" STYLEREFS="TXT_19 PAR_BLOCK">
						<TextLine ID="P2_TL00242" HPOS="2441" VPOS="5154" WIDTH="1058" HEIGHT="131">
							<String ID="P2_ST01234" HPOS="2441" VPOS="5154" WIDTH="340" HEIGHT="104" CONTENT="Shoes" WC="0.99" CC="05000" STYLEREFS="TXT_8"/>
							<SP ID="P2_SP00989" HPOS="2781" VPOS="5258" WIDTH="76"/>
							<String ID="P2_ST01235" HPOS="2857" VPOS="5154" WIDTH="120" HEIGHT="104" CONTENT="of" WC="0.75" CC="05" STYLEREFS="TXT_8"/>
							<SP ID="P2_SP00990" HPOS="2976" VPOS="5258" WIDTH="72"/>
							<String ID="P2_ST01236" HPOS="3049" VPOS="5157" WIDTH="450" HEIGHT="128" CONTENT="Quality" WC="0.98" CC="6010365" STYLEREFS="TXT_8"/>
						</TextLine>
						<TextLine ID="P2_TL00243" HPOS="2173" VPOS="5312" WIDTH="1600" HEIGHT="65">
							<String ID="P2_ST01237" HPOS="2173" VPOS="5312" WIDTH="276" HEIGHT="50" CONTENT="Cordovan" WC="0.99" CC="00360035"/>
							<SP ID="P2_SP00991" HPOS="2449" VPOS="5362" WIDTH="27"/>
							<String ID="P2_ST01238" HPOS="2476" VPOS="5312" WIDTH="99" HEIGHT="50" CONTENT="and" WC="0.94" CC="159"/>
							<SP ID="P2_SP00992" HPOS="2575" VPOS="5362" WIDTH="27"/>
							<String ID="P2_ST01239" HPOS="2602" VPOS="5313" WIDTH="117" HEIGHT="50" CONTENT="Calf" WC="0.96" CC="0575"/>
							<SP ID="P2_SP00993" HPOS="2718" VPOS="5364" WIDTH="25"/>
							<String ID="P2_ST01240" HPOS="2743" VPOS="5317" WIDTH="52" HEIGHT="46" CONTENT="in" WC="0.81" CC="30"/>
							<SP ID="P2_SP00994" HPOS="2795" VPOS="5364" WIDTH="24"/>
							<String ID="P2_ST01241" HPOS="2819" VPOS="5315" WIDTH="121" HEIGHT="49" CONTENT="lasts" WC="0.99" CC="50020"/>
							<SP ID="P2_SP00995" HPOS="2940" VPOS="5364" WIDTH="24"/>
							<String ID="P2_ST01242" HPOS="2964" VPOS="5313" WIDTH="102" HEIGHT="50" CONTENT="and" WC="0.98" CC="040"/>
							<SP ID="P2_SP00996" HPOS="3066" VPOS="5364" WIDTH="24"/>
							<String ID="P2_ST01243" HPOS="3090" VPOS="5315" WIDTH="156" HEIGHT="61" CONTENT="styles" WC="1.00" CC="000400"/>
							<SP ID="P2_SP00997" HPOS="3246" VPOS="5376" WIDTH="25"/>
							<String ID="P2_ST01244" HPOS="3271" VPOS="5313" WIDTH="109" HEIGHT="50" CONTENT="that" WC="0.97" CC="0770"/>
							<SP ID="P2_SP00998" HPOS="3380" VPOS="5376" WIDTH="25"/>
							<String ID="P2_ST01245" HPOS="3405" VPOS="5315" WIDTH="181" HEIGHT="60" CONTENT="appeal" WC="1.00" CC="200010"/>
							<SP ID="P2_SP00999" HPOS="3586" VPOS="5376" WIDTH="24"/>
							<String ID="P2_ST01246" HPOS="3609" VPOS="5324" WIDTH="55" HEIGHT="41" CONTENT="to" WC="1.00" CC="00"/>
							<SP ID="P2_SP01000" HPOS="3665" VPOS="5376" WIDTH="24"/>
							<String ID="P2_ST01247" HPOS="3688" VPOS="5315" WIDTH="85" HEIGHT="50" CONTENT="the" WC="0.98" CC="060"/>
						</TextLine>
						<TextLine ID="P2_TL00244" HPOS="2230" VPOS="5392" WIDTH="1488" HEIGHT="64">
							<String ID="P2_ST01248" HPOS="2230" VPOS="5392" WIDTH="209" HEIGHT="61" CONTENT="College" WC="0.99" CC="0056060"/>
							<SP ID="P2_SP01001" HPOS="2439" VPOS="5454" WIDTH="25"/>
							<String ID="P2_ST01249" HPOS="2465" VPOS="5392" WIDTH="139" HEIGHT="50" CONTENT="Man." WC="0.96" CC="0574"/>
							<SP ID="P2_SP01002" HPOS="2603" VPOS="5454" WIDTH="79"/>
							<String ID="P2_ST01250" HPOS="2682" VPOS="5394" WIDTH="167" HEIGHT="52" CONTENT="Prices" WC="0.98" CC="043313"/>
							<SP ID="P2_SP01003" HPOS="2849" VPOS="5454" WIDTH="28"/>
							<String ID="P2_ST01251" HPOS="2877" VPOS="5394" WIDTH="216" HEIGHT="50" CONTENT="“within" WC="0.98" CC="8070602"/>
							<SP ID="P2_SP01004" HPOS="3093" VPOS="5454" WIDTH="25"/>
							<String ID="P2_ST01252" HPOS="3118" VPOS="5395" WIDTH="217" HEIGHT="50" CONTENT="reason”" WC="0.99" CC="2010048"/>
							<String ID="P2_ST01253" HPOS="3337" VPOS="5395" WIDTH="269" HEIGHT="58" CONTENT="—$10.00" WC="0.98" CC="8006405"/>
							<SP ID="P2_SP01005" HPOS="3606" VPOS="5454" WIDTH="25"/>
							<String ID="P2_ST01254" HPOS="3631" VPOS="5413" WIDTH="87" HEIGHT="43" CONTENT="up." WC="0.97" CC="404"/>
						</TextLine>
						<TextLine ID="P2_TL00245" HPOS="2381" VPOS="5482" WIDTH="1043" HEIGHT="65">
							<String ID="P2_ST01255" HPOS="2381" VPOS="5482" WIDTH="277" HEIGHT="54" CONTENT="Banister’s" WC="0.99" CC="0607000085"/>
							<SP ID="P2_SP01006" HPOS="2658" VPOS="5535" WIDTH="24"/>
							<String ID="P2_ST01256" HPOS="2682" VPOS="5485" WIDTH="162" HEIGHT="50" CONTENT="Shoes" WC="1.00" CC="00000"/>
							<SP ID="P2_SP01007" HPOS="2844" VPOS="5535" WIDTH="24"/>
							<String ID="P2_ST01257" HPOS="2868" VPOS="5485" WIDTH="83" HEIGHT="49" CONTENT="for" WC="0.97" CC="501"/>
							<SP ID="P2_SP01008" HPOS="2951" VPOS="5535" WIDTH="22"/>
							<String ID="P2_ST01258" HPOS="2973" VPOS="5485" WIDTH="88" HEIGHT="50" CONTENT="the" WC="0.99" CC="100"/>
							<SP ID="P2_SP01009" HPOS="3061" VPOS="5535" WIDTH="22"/>
							<String ID="P2_ST01259" HPOS="3083" VPOS="5487" WIDTH="162" HEIGHT="49" CONTENT="better" WC="0.99" CC="400002"/>
							<SP ID="P2_SP01010" HPOS="3246" VPOS="5535" WIDTH="24"/>
							<String ID="P2_ST01260" HPOS="3269" VPOS="5485" WIDTH="154" HEIGHT="61" CONTENT="grade" WC="1.00" CC="00000"/>
						</TextLine>
						<TextLine ID="P2_TL00246" HPOS="2378" VPOS="5589" WIDTH="1202" HEIGHT="76">
							<String ID="P2_ST01261" HPOS="2378" VPOS="5589" WIDTH="576" HEIGHT="74" CONTENT="SULLIVAN" WC="0.99" CC="12541035" STYLEREFS="TXT_21"/>
							<SP ID="P2_SP01011" HPOS="2954" VPOS="5663" WIDTH="57"/>
							<String ID="P2_ST01262" HPOS="3011" VPOS="5591" WIDTH="569" HEIGHT="74" CONTENT="COMPANY" WC="0.99" CC="0010606" STYLEREFS="TXT_21"/>
						</TextLine>
						<TextLine ID="P2_TL00247" HPOS="2191" VPOS="5709" WIDTH="1565" HEIGHT="47">
							<String ID="P2_ST01263" HPOS="2191" VPOS="5715" WIDTH="124" HEIGHT="33" CONTENT="FRED" WC="0.96" CC="2547" STYLEREFS="TXT_2"/>
							<SP ID="P2_SP01012" HPOS="2315" VPOS="5748" WIDTH="24"/>
							<String ID="P2_ST01264" HPOS="2339" VPOS="5715" WIDTH="35" HEIGHT="33" CONTENT="S." WC="0.90" CC="02" STYLEREFS="TXT_2"/>
							<SP ID="P2_SP01013" HPOS="2373" VPOS="5748" WIDTH="24"/>
							<String ID="P2_ST01265" HPOS="2397" VPOS="5715" WIDTH="211" HEIGHT="41" CONTENT="FENNER," WC="0.97" CC="5029694" STYLEREFS="TXT_2"/>
							<SP ID="P2_SP01014" HPOS="2608" VPOS="5756" WIDTH="20"/>
							<String ID="P2_ST01266" HPOS="2628" VPOS="5715" WIDTH="195" HEIGHT="35" CONTENT="President" WC="0.98" CC="724447360" STYLEREFS="TXT_2"/>
							<SP ID="P2_SP01015" HPOS="2824" VPOS="5756" WIDTH="235"/>
							<String ID="P2_ST01267" HPOS="3058" VPOS="5709" WIDTH="82" HEIGHT="41" CONTENT="159" WC="0.72" CC="017" STYLEREFS="TXT_2"/>
							<SP ID="P2_SP01016" HPOS="3140" VPOS="5756" WIDTH="25"/>
							<String ID="P2_ST01268" HPOS="3165" VPOS="5709" WIDTH="476" HEIGHT="43" CONTENT="WESTMINSTER" WC="1.00" CC="00000000401" STYLEREFS="TXT_2"/>
							<SP ID="P2_SP01017" HPOS="3641" VPOS="5756" WIDTH="28"/>
							<String ID="P2_ST01269" HPOS="3669" VPOS="5710" WIDTH="87" HEIGHT="41" CONTENT="ST." WC="1.00" CC="000" STYLEREFS="TXT_2"/>
						</TextLine>
					</TextBlock>
				</ComposedBlock>
			</PrintSpace>
		</Page>
	</Layout>
</alto>
