<?xml version="1.0" encoding="UTF-8"?>
<alto xmlns:xsi="http://www.w3.org/2001/XMLSchema-instance" xmlns="http://www.loc.gov/standards/alto/ns-v2#" xsi:schemaLocation="http://www.loc.gov/standards/alto/ns-v2# http://www.loc.gov/standards/alto/v2/alto-2-0.xsd" xmlns:xlink="http://www.w3.org/1999/xlink">
	<Description>
		<MeasurementUnit>pixel</MeasurementUnit>
		<sourceImageInformation>
			<fileName>../06_01/BDH_1919_12_06_00001.jp2</fileName>
		</sourceImageInformation>
		<OCRProcessing ID="OCRPROCESSING_1">
			<preProcessingStep>
				<processingSoftware>
					<softwareCreator>CCS Content Conversion Specialists GmbH, Germany</softwareCreator>
					<softwareName>CCS docWorks</softwareName>
					<softwareVersion>7.0-0.3</softwareVersion>
				</processingSoftware>
			</preProcessingStep>
			<ocrProcessingStep>
				<processingSoftware>
					<softwareCreator>ABBYY (BIT Software), Russia</softwareCreator>
					<softwareName>FineReader</softwareName>
					<softwareVersion>11.0</softwareVersion>
				</processingSoftware>
			</ocrProcessingStep>
		</OCRProcessing>
	</Description>
	<Styles>
		<TextStyle ID="TXT_0" FONTSIZE="45" FONTFAMILY="Times New Roman" FONTSTYLE="bold"/>
		<TextStyle ID="TXT_1" FONTSIZE="10" FONTFAMILY="Times New Roman"/>
		<TextStyle ID="TXT_2" FONTSIZE="9" FONTFAMILY="Times New Roman"/>
		<TextStyle ID="TXT_3" FONTSIZE="22" FONTFAMILY="Times New Roman" FONTSTYLE="bold"/>
		<TextStyle ID="TXT_4" FONTSIZE="11" FONTFAMILY="Times New Roman" FONTSTYLE="bold"/>
		<TextStyle ID="TXT_5" FONTSIZE="19" FONTFAMILY="Times New Roman" FONTSTYLE="bold"/>
		<TextStyle ID="TXT_6" FONTSIZE="8" FONTFAMILY="Times New Roman"/>
		<TextStyle ID="TXT_7" FONTSIZE="23" FONTFAMILY="Times New Roman"/>
		<TextStyle ID="TXT_8" FONTSIZE="11" FONTFAMILY="Times New Roman" FONTSTYLE="bold"/>
		<TextStyle ID="TXT_9" FONTSIZE="7" FONTFAMILY="Times New Roman"/>
		<ParagraphStyle ID="PAR_CENTER" ALIGN="Center"/>
		<ParagraphStyle ID="PAR_LEFT" ALIGN="Left"/>
		<ParagraphStyle ID="PAR_RIGHT" ALIGN="Right"/>
		<ParagraphStyle ID="PAR_BLOCK" ALIGN="Block"/>
	</Styles>
	<Layout>
		<Page ID="P1" PHYSICAL_IMG_NR="1" HEIGHT="6172" WIDTH="3922" PC="0.867">
			<TopMargin ID="P1_TM00001" HPOS="0" VPOS="0" WIDTH="3923" HEIGHT="320"/>
			<LeftMargin ID="P1_LM00001" HPOS="0" VPOS="320" WIDTH="54" HEIGHT="5617"/>
			<RightMargin ID="P1_RM00001" HPOS="3746" VPOS="320" WIDTH="176" HEIGHT="5617"/>
			<BottomMargin ID="P1_BM00001" HPOS="0" VPOS="5937" WIDTH="3923" HEIGHT="235"/>
			<PrintSpace ID="P1_PS00001" HPOS="54" VPOS="320" WIDTH="3693" HEIGHT="5617">
				<TextBlock ID="P1_TB00001" HPOS="326" VPOS="320" WIDTH="3183" HEIGHT="225" language="en" STYLEREFS="TXT_0 PAR_CENTER">
					<TextLine ID="P1_TL00001" HPOS="326" VPOS="324" WIDTH="3181" HEIGHT="221">
						<String ID="P1_ST00001" HPOS="326" VPOS="324" WIDTH="1006" HEIGHT="219" CONTENT="BROWN" WC="0.99" CC="42300"/>
						<SP ID="P1_SP00001" HPOS="1332" VPOS="543" WIDTH="148"/>
						<String ID="P1_ST00002" HPOS="1480" VPOS="331" WIDTH="838" HEIGHT="213" CONTENT="DAILY" WC="0.99" CC="30410"/>
						<SP ID="P1_SP00002" HPOS="2318" VPOS="543" WIDTH="128"/>
						<String ID="P1_ST00003" HPOS="2446" VPOS="331" WIDTH="1061" HEIGHT="214" CONTENT="HERALD" WC="0.99" CC="005034"/>
					</TextLine>
				</TextBlock>
				<TextBlock ID="P1_TB00002" HPOS="162" VPOS="611" WIDTH="583" HEIGHT="48" language="en" STYLEREFS="TXT_1 PAR_LEFT">
					<TextLine ID="P1_TL00002" HPOS="162" VPOS="613" WIDTH="510" HEIGHT="46">
						<String ID="P1_ST00004" HPOS="162" VPOS="613" WIDTH="98" HEIGHT="41" CONTENT="Vol." WC="0.73" CC="2800"/>
						<SP ID="P1_SP00003" HPOS="260" VPOS="654" WIDTH="30"/>
						<String ID="P1_ST00005" HPOS="290" VPOS="613" WIDTH="173" HEIGHT="46" CONTENT="XXIX," WC="0.67" CC="40650"/>
						<SP ID="P1_SP00004" HPOS="463" VPOS="658" WIDTH="35"/>
						<String ID="P1_ST00006" HPOS="498" VPOS="614" WIDTH="80" HEIGHT="39" CONTENT="No." WC="0.96" CC="460"/>
						<SP ID="P1_SP00005" HPOS="578" VPOS="658" WIDTH="33"/>
						<String ID="P1_ST00007" HPOS="611" VPOS="616" WIDTH="61" HEIGHT="38" CONTENT="63." WC="0.59" CC="380"/>
					</TextLine>
				</TextBlock>
				<TextBlock ID="P1_TB00003" HPOS="1126" VPOS="619" WIDTH="1504" HEIGHT="55" language="en" STYLEREFS="TXT_1 PAR_LEFT">
					<TextLine ID="P1_TL00003" HPOS="1126" VPOS="619" WIDTH="1433" HEIGHT="55">
						<String ID="P1_ST00008" HPOS="1126" VPOS="619" WIDTH="428" HEIGHT="49" CONTENT="PROVIDENCE," WC="0.99" CC="77678000004"/>
						<SP ID="P1_SP00006" HPOS="1554" VPOS="668" WIDTH="44"/>
						<String ID="P1_ST00009" HPOS="1598" VPOS="620" WIDTH="361" HEIGHT="50" CONTENT="SATURDAY," WC="1.00" CC="000302003"/>
						<SP ID="P1_SP00007" HPOS="1959" VPOS="671" WIDTH="35"/>
						<String ID="P1_ST00010" HPOS="1994" VPOS="625" WIDTH="351" HEIGHT="39" CONTENT="DECEMBER" WC="1.00" CC="10060200"/>
						<SP ID="P1_SP00008" HPOS="2345" VPOS="671" WIDTH="28"/>
						<String ID="P1_ST00011" HPOS="2373" VPOS="625" WIDTH="36" HEIGHT="49" CONTENT="6," WC="0.89" CC="02"/>
						<SP ID="P1_SP00009" HPOS="2409" VPOS="674" WIDTH="28"/>
						<String ID="P1_ST00012" HPOS="2438" VPOS="627" WIDTH="121" HEIGHT="38" CONTENT="1919." WC="0.60" CC="07272"/>
					</TextLine>
				</TextBlock>
				<TextBlock ID="P1_TB00004" HPOS="3184" VPOS="631" WIDTH="562" HEIGHT="43" language="en" STYLEREFS="TXT_2 PAR_RIGHT">
					<TextLine ID="P1_TL00004" HPOS="3184" VPOS="633" WIDTH="446" HEIGHT="41">
						<String ID="P1_ST00013" HPOS="3184" VPOS="633" WIDTH="131" HEIGHT="38" CONTENT="Prick" WC="0.97" CC="46427"/>
						<SP ID="P1_SP00010" HPOS="3315" VPOS="671" WIDTH="33"/>
						<String ID="P1_ST00014" HPOS="3348" VPOS="635" WIDTH="101" HEIGHT="38" CONTENT="Fivk" WC="0.66" CC="1226"/>
						<SP ID="P1_SP00011" HPOS="3449" VPOS="672" WIDTH="31"/>
						<String ID="P1_ST00015" HPOS="3480" VPOS="636" WIDTH="150" HEIGHT="38" CONTENT="Cents" WC="0.97" CC="88520"/>
					</TextLine>
				</TextBlock>
				<TextBlock ID="P1_TB00005" HPOS="96" VPOS="750" WIDTH="865" HEIGHT="387" language="en" STYLEREFS="TXT_3 PAR_LEFT">
					<TextLine ID="P1_TL00005" HPOS="96" VPOS="750" WIDTH="567" HEIGHT="102">
						<String ID="P1_ST00016" HPOS="96" VPOS="750" WIDTH="312" HEIGHT="102" CONTENT="EDUCATION" WC="0.98" CC="016740749"/>
						<SP ID="P1_SP00012" HPOS="408" VPOS="852" WIDTH="54"/>
						<String ID="P1_ST00017" HPOS="461" VPOS="753" WIDTH="50" HEIGHT="99" CONTENT="IS" WC="0.66" CC="06"/>
						<SP ID="P1_SP00013" HPOS="512" VPOS="852" WIDTH="50"/>
						<String ID="P1_ST00018" HPOS="562" VPOS="753" WIDTH="101" HEIGHT="99" CONTENT="II" WC="0.14" CC="88"/>
					</TextLine>
					<TextLine ID="P1_TL00006" HPOS="258" VPOS="894" WIDTH="574" HEIGHT="104">
						<String ID="P1_ST00019" HPOS="258" VPOS="894" WIDTH="142" HEIGHT="101" CONTENT="SURE" WC="0.94" CC="5595"/>
						<SP ID="P1_SP00014" HPOS="400" VPOS="995" WIDTH="50"/>
						<String ID="P1_ST00020" HPOS="450" VPOS="896" WIDTH="227" HEIGHT="99" CONTENT="REMEDY" WC="0.97" CC="764708"/>
						<SP ID="P1_SP00015" HPOS="677" VPOS="995" WIDTH="50"/>
						<String ID="P1_ST00021" HPOS="728" VPOS="896" WIDTH="104" HEIGHT="102" CONTENT="FOR" WC="0.94" CC="464"/>
					</TextLine>
					<TextLine ID="P1_TL00007" HPOS="320" VPOS="1041" WIDTH="641" HEIGHT="96">
						<String ID="P1_ST00022" HPOS="320" VPOS="1041" WIDTH="231" HEIGHT="96" CONTENT="MODERN" WC="0.97" CC="351745"/>
						<SP ID="P1_SP00016" HPOS="551" VPOS="1137" WIDTH="52"/>
						<String ID="P1_ST00023" HPOS="603" VPOS="1041" WIDTH="357" HEIGHT="96" CONTENT="BOLSHEVISM" WC="0.98" CC="8566571074"/>
					</TextLine>
				</TextBlock>
				<TextBlock ID="P1_TB00006" HPOS="91" VPOS="1236" WIDTH="865" HEIGHT="109" language="en" STYLEREFS="TXT_4 PAR_LEFT">
					<TextLine ID="P1_TL00008" HPOS="91" VPOS="1236" WIDTH="865" HEIGHT="43">
						<String ID="P1_ST00024" HPOS="91" VPOS="1236" WIDTH="169" HEIGHT="41" CONTENT="PRES." WC="0.98" CC="36102"/>
						<SP ID="P1_SP00017" HPOS="260" VPOS="1277" WIDTH="55"/>
						<String ID="P1_ST00025" HPOS="315" VPOS="1238" WIDTH="257" HEIGHT="41" CONTENT="FAUNCE" WC="0.90" CC="010500"/>
						<SP ID="P1_SP00018" HPOS="572" VPOS="1279" WIDTH="52"/>
						<String ID="P1_ST00026" HPOS="624" VPOS="1239" WIDTH="332" HEIGHT="39" CONTENT="DECLARES" WC="1.00" CC="00001000"/>
					</TextLine>
					<TextLine ID="P1_TL00009" HPOS="342" VPOS="1306" WIDTH="366" HEIGHT="39">
						<String ID="P1_ST00027" HPOS="342" VPOS="1306" WIDTH="65" HEIGHT="39" CONTENT="IN" WC="0.67" CC="06"/>
						<SP ID="P1_SP00019" HPOS="406" VPOS="1345" WIDTH="36"/>
						<String ID="P1_ST00028" HPOS="443" VPOS="1307" WIDTH="265" HEIGHT="38" CONTENT="CHAPEL." WC="0.99" CC="0004202"/>
					</TextLine>
				</TextBlock>
				<TextBlock ID="P1_TB00007" HPOS="93" VPOS="1430" WIDTH="863" HEIGHT="177" language="en" STYLEREFS="TXT_4 PAR_LEFT">
					<TextLine ID="P1_TL00010" HPOS="94" VPOS="1430" WIDTH="862" HEIGHT="52">
						<String ID="P1_ST00029" HPOS="94" VPOS="1430" WIDTH="192" HEIGHT="52" CONTENT="Stirring" WC="0.99" CC="00240203"/>
						<SP ID="P1_SP00020" HPOS="287" VPOS="1482" WIDTH="66"/>
						<String ID="P1_ST00030" HPOS="353" VPOS="1433" WIDTH="175" HEIGHT="47" CONTENT="Appeal" WC="0.99" CC="025040"/>
						<SP ID="P1_SP00021" HPOS="528" VPOS="1482" WIDTH="66"/>
						<String ID="P1_ST00031" HPOS="594" VPOS="1433" WIDTH="135" HEIGHT="41" CONTENT="Made" WC="1.00" CC="0000"/>
						<SP ID="P1_SP00022" HPOS="729" VPOS="1482" WIDTH="65"/>
						<String ID="P1_ST00032" HPOS="794" VPOS="1435" WIDTH="162" HEIGHT="38" CONTENT="Before" WC="0.99" CC="306210"/>
					</TextLine>
					<TextLine ID="P1_TL00011" HPOS="176" VPOS="1499" WIDTH="697" HEIGHT="51">
						<String ID="P1_ST00033" HPOS="176" VPOS="1499" WIDTH="195" HEIGHT="41" CONTENT="Student" WC="1.00" CC="0000013"/>
						<SP ID="P1_SP00023" HPOS="372" VPOS="1540" WIDTH="33"/>
						<String ID="P1_ST00034" HPOS="405" VPOS="1501" WIDTH="438" HEIGHT="49" CONTENT="Body.—American" SUBS_TYPE="HypPart1" SUBS_CONTENT="Body.—Americanization" WC="1.00" CC="00500806000030"/>
						<HYP HPOS="843" VPOS="1501" WIDTH="30" CONTENT="-"/>
					</TextLine>
					<TextLine ID="P1_TL00012" HPOS="320" VPOS="1569" WIDTH="406" HEIGHT="38">
						<String ID="P1_ST00035" HPOS="320" VPOS="1569" WIDTH="167" HEIGHT="38" CONTENT="ization" SUBS_TYPE="HypPart2" SUBS_CONTENT="Body.—Americanization" WC="0.99" CC="0530000"/>
						<SP ID="P1_SP00024" HPOS="487" VPOS="1606" WIDTH="38"/>
						<String ID="P1_ST00036" HPOS="524" VPOS="1569" WIDTH="202" HEIGHT="38" CONTENT="Defined." WC="0.99" CC="20070200"/>
					</TextLine>
				</TextBlock>
				<TextBlock ID="P1_TB00008" HPOS="85" VPOS="1635" WIDTH="871" HEIGHT="1595" language="en" STYLEREFS="TXT_1 PAR_BLOCK">
					<TextLine ID="P1_TL00013" HPOS="154" VPOS="1636" WIDTH="802" HEIGHT="52">
						<String ID="P1_ST00037" HPOS="154" VPOS="1636" WIDTH="231" HEIGHT="52" CONTENT="I’resident" WC="0.47" CC="1878029483"/>
						<SP ID="P1_SP00025" HPOS="386" VPOS="1688" WIDTH="68"/>
						<String ID="P1_ST00038" HPOS="454" VPOS="1636" WIDTH="175" HEIGHT="43" CONTENT="Faunce" WC="0.26" CC="878757"/>
						<SP ID="P1_SP00026" HPOS="628" VPOS="1688" WIDTH="69"/>
						<String ID="P1_ST00039" HPOS="698" VPOS="1636" WIDTH="38" HEIGHT="39" CONTENT="in" WC="0.63" CC="07"/>
						<SP ID="P1_SP00027" HPOS="735" VPOS="1688" WIDTH="54"/>
						<String ID="P1_ST00040" HPOS="789" VPOS="1636" WIDTH="167" HEIGHT="52" CONTENT="Chapel" WC="0.97" CC="777450"/>
					</TextLine>
					<TextLine ID="P1_TL00014" HPOS="90" VPOS="1696" WIDTH="866" HEIGHT="50">
						<String ID="P1_ST00041" HPOS="90" VPOS="1696" WIDTH="238" HEIGHT="49" CONTENT="yesterday" WC="0.98" CC="971074969"/>
						<SP ID="P1_SP00028" HPOS="328" VPOS="1745" WIDTH="76"/>
						<String ID="P1_ST00042" HPOS="403" VPOS="1696" WIDTH="137" HEIGHT="49" CONTENT="spoke" WC="0.97" CC="07714"/>
						<SP ID="P1_SP00029" HPOS="540" VPOS="1745" WIDTH="46"/>
						<String ID="P1_ST00043" HPOS="586" VPOS="1696" WIDTH="225" HEIGHT="50" CONTENT="earnestly" WC="0.98" CC="463806260"/>
						<SP ID="P1_SP00030" HPOS="811" VPOS="1746" WIDTH="72"/>
						<String ID="P1_ST00044" HPOS="883" VPOS="1710" WIDTH="49" HEIGHT="25" CONTENT="en" SUBS_TYPE="HypPart1" SUBS_CONTENT="endorsing" WC="0.95" CC="18"/>
						<HYP HPOS="932" VPOS="1710" WIDTH="24" CONTENT="-"/>
					</TextLine>
					<TextLine ID="P1_TL00015" HPOS="93" VPOS="1751" WIDTH="863" HEIGHT="51">
						<String ID="P1_ST00045" HPOS="93" VPOS="1751" WIDTH="184" HEIGHT="50" CONTENT="dorsing" SUBS_TYPE="HypPart2" SUBS_CONTENT="endorsing" WC="0.97" CC="0707489"/>
						<SP ID="P1_SP00031" HPOS="277" VPOS="1802" WIDTH="27"/>
						<String ID="P1_ST00046" HPOS="304" VPOS="1753" WIDTH="72" HEIGHT="39" CONTENT="the" WC="0.92" CC="767"/>
						<SP ID="P1_SP00032" HPOS="376" VPOS="1802" WIDTH="28"/>
						<String ID="P1_ST00047" HPOS="405" VPOS="1753" WIDTH="121" HEIGHT="39" CONTENT="work" WC="0.97" CC="2082"/>
						<SP ID="P1_SP00033" HPOS="526" VPOS="1802" WIDTH="27"/>
						<String ID="P1_ST00048" HPOS="553" VPOS="1753" WIDTH="46" HEIGHT="39" CONTENT="of" WC="0.75" CC="40"/>
						<SP ID="P1_SP00034" HPOS="598" VPOS="1802" WIDTH="28"/>
						<String ID="P1_ST00049" HPOS="627" VPOS="1753" WIDTH="302" HEIGHT="39" CONTENT="Americaniza" SUBS_TYPE="HypPart1" SUBS_CONTENT="Americanization" WC="0.99" CC="74004800174"/>
						<HYP HPOS="929" VPOS="1753" WIDTH="27" CONTENT="-"/>
					</TextLine>
					<TextLine ID="P1_TL00016" HPOS="93" VPOS="1809" WIDTH="861" HEIGHT="52">
						<String ID="P1_ST00050" HPOS="93" VPOS="1809" WIDTH="93" HEIGHT="38" CONTENT="tion" SUBS_TYPE="HypPart2" SUBS_CONTENT="Americanization" WC="0.95" CC="4775"/>
						<SP ID="P1_SP00035" HPOS="186" VPOS="1847" WIDTH="31"/>
						<String ID="P1_ST00051" HPOS="217" VPOS="1824" WIDTH="98" HEIGHT="24" CONTENT="now" WC="0.93" CC="809"/>
						<SP ID="P1_SP00036" HPOS="315" VPOS="1847" WIDTH="33"/>
						<String ID="P1_ST00052" HPOS="348" VPOS="1809" WIDTH="140" HEIGHT="52" CONTENT="going" WC="0.96" CC="19069"/>
						<SP ID="P1_SP00037" HPOS="488" VPOS="1861" WIDTH="27"/>
						<String ID="P1_ST00053" HPOS="515" VPOS="1824" WIDTH="57" HEIGHT="25" CONTENT="on" WC="0.28" CC="77"/>
						<SP ID="P1_SP00038" HPOS="572" VPOS="1861" WIDTH="31"/>
						<String ID="P1_ST00054" HPOS="603" VPOS="1811" WIDTH="277" HEIGHT="50" CONTENT="extensively" WC="0.99" CC="70137903100"/>
						<SP ID="P1_SP00039" HPOS="880" VPOS="1861" WIDTH="35"/>
						<String ID="P1_ST00055" HPOS="915" VPOS="1811" WIDTH="39" HEIGHT="38" CONTENT="in" WC="0.31" CC="58"/>
					</TextLine>
					<TextLine ID="P1_TL00017" HPOS="91" VPOS="1866" WIDTH="865" HEIGHT="51">
						<String ID="P1_ST00056" HPOS="91" VPOS="1866" WIDTH="88" HEIGHT="39" CONTENT="this" WC="0.96" CC="3708"/>
						<SP ID="P1_SP00040" HPOS="180" VPOS="1906" WIDTH="38"/>
						<String ID="P1_ST00057" HPOS="217" VPOS="1874" WIDTH="203" HEIGHT="43" CONTENT="country," WC="0.98" CC="87884403"/>
						<SP ID="P1_SP00041" HPOS="420" VPOS="1917" WIDTH="39"/>
						<String ID="P1_ST00058" HPOS="460" VPOS="1869" WIDTH="83" HEIGHT="38" CONTENT="and" WC="0.90" CC="989"/>
						<SP ID="P1_SP00042" HPOS="543" VPOS="1917" WIDTH="38"/>
						<String ID="P1_ST00059" HPOS="581" VPOS="1866" WIDTH="239" HEIGHT="50" CONTENT="especially" WC="0.98" CC="7383840607"/>
						<SP ID="P1_SP00043" HPOS="820" VPOS="1917" WIDTH="39"/>
						<String ID="P1_ST00060" HPOS="860" VPOS="1868" WIDTH="96" HEIGHT="39" CONTENT="that" WC="0.96" CC="4750"/>
					</TextLine>
					<TextLine ID="P1_TL00018" HPOS="91" VPOS="1923" WIDTH="863" HEIGHT="52">
						<String ID="P1_ST00061" HPOS="91" VPOS="1923" WIDTH="134" HEIGHT="52" CONTENT="being" WC="0.96" CC="74289"/>
						<SP ID="P1_SP00044" HPOS="225" VPOS="1975" WIDTH="31"/>
						<String ID="P1_ST00062" HPOS="257" VPOS="1923" WIDTH="170" HEIGHT="43" CONTENT="carried" WC="0.99" CC="7050060"/>
						<SP ID="P1_SP00045" HPOS="427" VPOS="1975" WIDTH="35"/>
						<String ID="P1_ST00063" HPOS="461" VPOS="1940" WIDTH="55" HEIGHT="25" CONTENT="on" WC="0.56" CC="08"/>
						<SP ID="P1_SP00046" HPOS="517" VPOS="1975" WIDTH="35"/>
						<String ID="P1_ST00064" HPOS="551" VPOS="1928" WIDTH="55" HEIGHT="43" CONTENT="by" WC="0.31" CC="76"/>
						<SP ID="P1_SP00047" HPOS="606" VPOS="1975" WIDTH="36"/>
						<String ID="P1_ST00065" HPOS="643" VPOS="1924" WIDTH="162" HEIGHT="39" CONTENT="Brown" WC="0.98" CC="60601"/>
						<SP ID="P1_SP00048" HPOS="805" VPOS="1975" WIDTH="36"/>
						<String ID="P1_ST00066" HPOS="841" VPOS="1939" WIDTH="113" HEIGHT="33" CONTENT="men," WC="0.96" CC="6670"/>
					</TextLine>
					<TextLine ID="P1_TL00019" HPOS="91" VPOS="1981" WIDTH="755" HEIGHT="51">
						<String ID="P1_ST00067" HPOS="91" VPOS="1981" WIDTH="106" HEIGHT="39" CONTENT="both" WC="0.96" CC="7803"/>
						<SP ID="P1_SP00049" HPOS="197" VPOS="2020" WIDTH="35"/>
						<String ID="P1_ST00068" HPOS="231" VPOS="1983" WIDTH="241" HEIGHT="49" CONTENT="graduates" WC="0.98" CC="906080356"/>
						<SP ID="P1_SP00050" HPOS="472" VPOS="2031" WIDTH="35"/>
						<String ID="P1_ST00069" HPOS="507" VPOS="1983" WIDTH="83" HEIGHT="39" CONTENT="and" WC="0.93" CC="089"/>
						<SP ID="P1_SP00051" HPOS="591" VPOS="2031" WIDTH="33"/>
						<String ID="P1_ST00070" HPOS="624" VPOS="1983" WIDTH="222" HEIGHT="39" CONTENT="students." WC="0.98" CC="628928090"/>
					</TextLine>
					<TextLine ID="P1_TL00020" HPOS="148" VPOS="2038" WIDTH="808" HEIGHT="50">
						<String ID="P1_ST00071" HPOS="148" VPOS="2038" WIDTH="77" HEIGHT="41" CONTENT="“In" WC="0.92" CC="877"/>
						<SP ID="P1_SP00052" HPOS="225" VPOS="2079" WIDTH="38"/>
						<String ID="P1_ST00072" HPOS="263" VPOS="2038" WIDTH="181" HEIGHT="50" CONTENT="dealing" WC="0.97" CC="9257179"/>
						<SP ID="P1_SP00053" HPOS="444" VPOS="2088" WIDTH="38"/>
						<String ID="P1_ST00073" HPOS="482" VPOS="2039" WIDTH="104" HEIGHT="39" CONTENT="with" WC="0.96" CC="8037"/>
						<SP ID="P1_SP00054" HPOS="586" VPOS="2088" WIDTH="39"/>
						<String ID="P1_ST00074" HPOS="625" VPOS="2039" WIDTH="306" HEIGHT="39" CONTENT=".Americaniza" SUBS_TYPE="HypPart1" SUBS_CONTENT=".Americanization,’’" WC="0.99" CC="079043708458"/>
						<HYP HPOS="931" VPOS="2039" WIDTH="25" CONTENT="-"/>
					</TextLine>
					<TextLine ID="P1_TL00021" HPOS="93" VPOS="2096" WIDTH="863" HEIGHT="44">
						<String ID="P1_ST00075" HPOS="93" VPOS="2096" WIDTH="135" HEIGHT="44" CONTENT="tion,’’" SUBS_TYPE="HypPart2" SUBS_CONTENT=".Americanization,’’" WC="0.98" CC="7008088"/>
						<SP ID="P1_SP00055" HPOS="228" VPOS="2140" WIDTH="27"/>
						<String ID="P1_ST00076" HPOS="255" VPOS="2096" WIDTH="203" HEIGHT="41" CONTENT="declared" WC="0.98" CC="67711070"/>
						<SP ID="P1_SP00056" HPOS="458" VPOS="2140" WIDTH="38"/>
						<String ID="P1_ST00077" HPOS="496" VPOS="2096" WIDTH="115" HEIGHT="41" CONTENT="Pres." WC="0.97" CC="84560"/>
						<SP ID="P1_SP00057" HPOS="611" VPOS="2140" WIDTH="35"/>
						<String ID="P1_ST00078" HPOS="646" VPOS="2096" WIDTH="189" HEIGHT="43" CONTENT="Faunce," WC="0.45" CC="7087860"/>
						<SP ID="P1_SP00058" HPOS="835" VPOS="2140" WIDTH="28"/>
						<String ID="P1_ST00079" HPOS="863" VPOS="2098" WIDTH="93" HEIGHT="39" CONTENT="“we" WC="0.95" CC="806"/>
					</TextLine>
					<TextLine ID="P1_TL00022" HPOS="93" VPOS="2154" WIDTH="863" HEIGHT="41">
						<String ID="P1_ST00080" HPOS="93" VPOS="2164" WIDTH="118" HEIGHT="30" CONTENT="must" WC="0.95" CC="0896"/>
						<SP ID="P1_SP00059" HPOS="211" VPOS="2194" WIDTH="28"/>
						<String ID="P1_ST00081" HPOS="239" VPOS="2154" WIDTH="94" HEIGHT="38" CONTENT="first" WC="0.96" CC="86057"/>
						<SP ID="P1_SP00060" HPOS="334" VPOS="2194" WIDTH="28"/>
						<String ID="P1_ST00082" HPOS="362" VPOS="2154" WIDTH="142" HEIGHT="39" CONTENT="define" WC="0.95" CC="968787"/>
						<SP ID="P1_SP00061" HPOS="504" VPOS="2194" WIDTH="30"/>
						<String ID="P1_ST00083" HPOS="534" VPOS="2169" WIDTH="80" HEIGHT="24" CONTENT="our" WC="0.91" CC="789"/>
						<SP ID="P1_SP00062" HPOS="614" VPOS="2194" WIDTH="28"/>
						<String ID="P1_ST00084" HPOS="643" VPOS="2164" WIDTH="151" HEIGHT="31" CONTENT="terms." WC="0.99" CC="300030"/>
						<SP ID="P1_SP00063" HPOS="794" VPOS="2195" WIDTH="63"/>
						<String ID="P1_ST00085" HPOS="857" VPOS="2156" WIDTH="33" HEIGHT="38" CONTENT="It" WC="0.50" CC="72"/>
						<SP ID="P1_SP00064" HPOS="890" VPOS="2195" WIDTH="30"/>
						<String ID="P1_ST00086" HPOS="920" VPOS="2157" WIDTH="36" HEIGHT="36" CONTENT="is" WC="0.13" CC="79"/>
					</TextLine>
					<TextLine ID="P1_TL00023" HPOS="90" VPOS="2213" WIDTH="863" HEIGHT="49">
						<String ID="P1_ST00087" HPOS="90" VPOS="2219" WIDTH="77" HEIGHT="33" CONTENT="not" WC="0.92" CC="876"/>
						<SP ID="P1_SP00065" HPOS="167" VPOS="2252" WIDTH="38"/>
						<String ID="P1_ST00088" HPOS="205" VPOS="2213" WIDTH="175" HEIGHT="49" CONTENT="enough" WC="0.96" CC="687890"/>
						<SP ID="P1_SP00066" HPOS="380" VPOS="2261" WIDTH="41"/>
						<String ID="P1_ST00089" HPOS="420" VPOS="2219" WIDTH="44" HEIGHT="35" CONTENT="to" WC="0.32" CC="39"/>
						<SP ID="P1_SP00067" HPOS="465" VPOS="2261" WIDTH="38"/>
						<String ID="P1_ST00090" HPOS="502" VPOS="2220" WIDTH="112" HEIGHT="33" CONTENT="start" WC="0.98" CC="90005"/>
						<SP ID="P1_SP00068" HPOS="614" VPOS="2261" WIDTH="39"/>
						<String ID="P1_ST00091" HPOS="654" VPOS="2216" WIDTH="140" HEIGHT="38" CONTENT="under" WC="0.95" CC="86777"/>
						<SP ID="P1_SP00069" HPOS="794" VPOS="2261" WIDTH="36"/>
						<String ID="P1_ST00092" HPOS="830" VPOS="2227" WIDTH="123" HEIGHT="27" CONTENT="some" WC="0.95" CC="9266"/>
					</TextLine>
					<TextLine ID="P1_TL00024" HPOS="90" VPOS="2269" WIDTH="863" HEIGHT="51">
						<String ID="P1_ST00093" HPOS="90" VPOS="2269" WIDTH="203" HEIGHT="50" CONTENT="splendid" WC="0.98" CC="09078030"/>
						<SP ID="P1_SP00070" HPOS="293" VPOS="2320" WIDTH="60"/>
						<String ID="P1_ST00094" HPOS="353" VPOS="2269" WIDTH="181" HEIGHT="43" CONTENT="banner," WC="0.97" CC="7968600"/>
						<SP ID="P1_SP00071" HPOS="534" VPOS="2320" WIDTH="30"/>
						<String ID="P1_ST00095" HPOS="564" VPOS="2269" WIDTH="145" HEIGHT="39" CONTENT="which" WC="0.97" CC="06066"/>
						<SP ID="P1_SP00072" HPOS="709" VPOS="2320" WIDTH="65"/>
						<String ID="P1_ST00096" HPOS="773" VPOS="2271" WIDTH="180" HEIGHT="38" CONTENT="withers" WC="0.99" CC="0670006"/>
					</TextLine>
					<TextLine ID="P1_TL00025" HPOS="90" VPOS="2328" WIDTH="865" HEIGHT="49">
						<String ID="P1_ST00097" HPOS="90" VPOS="2340" WIDTH="47" HEIGHT="25" CONTENT="as" WC="0.50" CC="09"/>
						<SP ID="P1_SP00073" HPOS="137" VPOS="2365" WIDTH="27"/>
						<String ID="P1_ST00098" HPOS="164" VPOS="2340" WIDTH="65" HEIGHT="25" CONTENT="we" WC="0.21" CC="95"/>
						<SP ID="P1_SP00074" HPOS="228" VPOS="2365" WIDTH="25"/>
						<String ID="P1_ST00099" HPOS="254" VPOS="2340" WIDTH="55" HEIGHT="36" CONTENT="go" WC="0.12" CC="97"/>
						<SP ID="P1_SP00075" HPOS="309" VPOS="2376" WIDTH="25"/>
						<String ID="P1_ST00100" HPOS="334" VPOS="2328" WIDTH="146" HEIGHT="47" CONTENT="along," WC="0.98" CC="007090"/>
						<SP ID="P1_SP00076" HPOS="480" VPOS="2376" WIDTH="27"/>
						<String ID="P1_ST00101" HPOS="507" VPOS="2331" WIDTH="85" HEIGHT="38" CONTENT="and" WC="0.97" CC="080"/>
						<SP ID="P1_SP00077" HPOS="592" VPOS="2376" WIDTH="28"/>
						<String ID="P1_ST00102" HPOS="620" VPOS="2342" WIDTH="109" HEIGHT="24" CONTENT="soon" WC="0.97" CC="0770"/>
						<SP ID="P1_SP00078" HPOS="729" VPOS="2376" WIDTH="27"/>
						<String ID="P1_ST00103" HPOS="756" VPOS="2329" WIDTH="117" HEIGHT="39" CONTENT="loses" WC="0.98" CC="09600"/>
						<SP ID="P1_SP00079" HPOS="872" VPOS="2376" WIDTH="25"/>
						<String ID="P1_ST00104" HPOS="898" VPOS="2328" WIDTH="57" HEIGHT="39" CONTENT="its" WC="0.92" CC="559"/>
					</TextLine>
					<TextLine ID="P1_TL00026" HPOS="90" VPOS="2383" WIDTH="863" HEIGHT="52">
						<String ID="P1_ST00105" HPOS="90" VPOS="2383" WIDTH="224" HEIGHT="52" CONTENT="meaning." WC="0.98" CC="70055790"/>
						<SP ID="P1_SP00080" HPOS="313" VPOS="2435" WIDTH="96"/>
						<String ID="P1_ST00106" HPOS="409" VPOS="2383" WIDTH="132" HEIGHT="43" CONTENT="Some" WC="0.94" CC="7597"/>
						<SP ID="P1_SP00081" HPOS="542" VPOS="2435" WIDTH="96"/>
						<String ID="P1_ST00107" HPOS="638" VPOS="2384" WIDTH="124" HEIGHT="39" CONTENT="think" WC="0.98" CC="40380"/>
						<SP ID="P1_SP00082" HPOS="762" VPOS="2435" WIDTH="94"/>
						<String ID="P1_ST00108" HPOS="857" VPOS="2384" WIDTH="96" HEIGHT="41" CONTENT="that" WC="0.99" CC="1005"/>
					</TextLine>
					<TextLine ID="P1_TL00027" HPOS="90" VPOS="2441" WIDTH="866" HEIGHT="52">
						<String ID="P1_ST00109" HPOS="90" VPOS="2441" WIDTH="409" HEIGHT="39" CONTENT="Americanization" WC="0.99" CC="696905985650697"/>
						<SP ID="P1_SP00083" HPOS="499" VPOS="2480" WIDTH="46"/>
						<String ID="P1_ST00110" HPOS="545" VPOS="2455" WIDTH="153" HEIGHT="27" CONTENT="means" WC="0.96" CC="87085"/>
						<SP ID="P1_SP00084" HPOS="698" VPOS="2482" WIDTH="44"/>
						<String ID="P1_ST00111" HPOS="742" VPOS="2443" WIDTH="214" HEIGHT="50" CONTENT="stooping" WC="0.98" CC="64873680"/>
					</TextLine>
					<TextLine ID="P1_TL00028" HPOS="90" VPOS="2498" WIDTH="863" HEIGHT="43">
						<String ID="P1_ST00112" HPOS="90" VPOS="2506" WIDTH="44" HEIGHT="31" CONTENT="to" WC="0.52" CC="53"/>
						<SP ID="P1_SP00085" HPOS="134" VPOS="2537" WIDTH="33"/>
						<String ID="P1_ST00113" HPOS="167" VPOS="2513" WIDTH="22" HEIGHT="27" CONTENT="a" WC="0.36" CC="6"/>
						<SP ID="P1_SP00086" HPOS="189" VPOS="2540" WIDTH="31"/>
						<String ID="P1_ST00114" HPOS="220" VPOS="2499" WIDTH="137" HEIGHT="39" CONTENT="lower" WC="0.97" CC="52079"/>
						<SP ID="P1_SP00087" HPOS="357" VPOS="2540" WIDTH="30"/>
						<String ID="P1_ST00115" HPOS="387" VPOS="2498" WIDTH="110" HEIGHT="41" CONTENT="level" WC="0.96" CC="70766"/>
						<SP ID="P1_SP00088" HPOS="498" VPOS="2540" WIDTH="35"/>
						<String ID="P1_ST00116" HPOS="532" VPOS="2507" WIDTH="44" HEIGHT="33" CONTENT="to" WC="0.53" CC="09"/>
						<SP ID="P1_SP00089" HPOS="576" VPOS="2540" WIDTH="31"/>
						<String ID="P1_ST00117" HPOS="608" VPOS="2499" WIDTH="98" HEIGHT="41" CONTENT="deal" WC="0.97" CC="0606"/>
						<SP ID="P1_SP00090" HPOS="706" VPOS="2540" WIDTH="35"/>
						<String ID="P1_ST00118" HPOS="740" VPOS="2499" WIDTH="104" HEIGHT="41" CONTENT="with" WC="1.00" CC="0020"/>
						<SP ID="P1_SP00091" HPOS="844" VPOS="2540" WIDTH="36"/>
						<String ID="P1_ST00119" HPOS="880" VPOS="2501" WIDTH="72" HEIGHT="39" CONTENT="the" WC="1.00" CC="000"/>
					</TextLine>
					<TextLine ID="P1_TL00029" HPOS="91" VPOS="2554" WIDTH="865" HEIGHT="52">
						<String ID="P1_ST00120" HPOS="91" VPOS="2556" WIDTH="173" HEIGHT="47" CONTENT="‘vulgar" WC="0.97" CC="8780991"/>
						<SP ID="P1_SP00092" HPOS="265" VPOS="2603" WIDTH="38"/>
						<String ID="P1_ST00121" HPOS="302" VPOS="2554" WIDTH="335" HEIGHT="52" CONTENT="foreign-born.’" WC="0.99" CC="00003680703608"/>
						<SP ID="P1_SP00093" HPOS="638" VPOS="2606" WIDTH="65"/>
						<String ID="P1_ST00122" HPOS="702" VPOS="2556" WIDTH="118" HEIGHT="38" CONTENT="That" WC="0.98" CC="0090"/>
						<SP ID="P1_SP00094" HPOS="820" VPOS="2606" WIDTH="38"/>
						<String ID="P1_ST00123" HPOS="858" VPOS="2556" WIDTH="98" HEIGHT="38" CONTENT="idea" WC="0.97" CC="4009"/>
					</TextLine>
					<TextLine ID="P1_TL00030" HPOS="88" VPOS="2611" WIDTH="865" HEIGHT="54">
						<String ID="P1_ST00124" HPOS="88" VPOS="2611" WIDTH="47" HEIGHT="41" CONTENT="of" WC="0.58" CC="70"/>
						<SP ID="P1_SP00095" HPOS="135" VPOS="2652" WIDTH="36"/>
						<String ID="P1_ST00125" HPOS="172" VPOS="2613" WIDTH="351" HEIGHT="41" CONTENT="condescension" WC="0.98" CC="7009696176597"/>
						<SP ID="P1_SP00096" HPOS="523" VPOS="2654" WIDTH="43"/>
						<String ID="P1_ST00126" HPOS="565" VPOS="2627" WIDTH="54" HEIGHT="25" CONTENT="on" WC="0.25" CC="95"/>
						<SP ID="P1_SP00097" HPOS="619" VPOS="2654" WIDTH="43"/>
						<String ID="P1_ST00127" HPOS="661" VPOS="2627" WIDTH="80" HEIGHT="27" CONTENT="our" WC="0.93" CC="980"/>
						<SP ID="P1_SP00098" HPOS="742" VPOS="2654" WIDTH="38"/>
						<String ID="P1_ST00128" HPOS="780" VPOS="2622" WIDTH="98" HEIGHT="43" CONTENT="part" WC="0.97" CC="8006"/>
						<SP ID="P1_SP00099" HPOS="877" VPOS="2665" WIDTH="41"/>
						<String ID="P1_ST00129" HPOS="918" VPOS="2614" WIDTH="35" HEIGHT="39" CONTENT="is" WC="0.90" CC="10"/>
					</TextLine>
					<TextLine ID="P1_TL00031" HPOS="88" VPOS="2669" WIDTH="865" HEIGHT="54">
						<String ID="P1_ST00130" HPOS="88" VPOS="2669" WIDTH="189" HEIGHT="54" CONTENT="entirely" WC="0.98" CC="78208073"/>
						<SP ID="P1_SP00100" HPOS="277" VPOS="2723" WIDTH="38"/>
						<String ID="P1_ST00131" HPOS="315" VPOS="2683" WIDTH="165" HEIGHT="36" CONTENT="wrong," WC="0.97" CC="049890"/>
						<SP ID="P1_SP00101" HPOS="480" VPOS="2723" WIDTH="35"/>
						<String ID="P1_ST00132" HPOS="515" VPOS="2671" WIDTH="85" HEIGHT="39" CONTENT="and" WC="0.95" CC="076"/>
						<SP ID="P1_SP00102" HPOS="600" VPOS="2723" WIDTH="35"/>
						<String ID="P1_ST00133" HPOS="635" VPOS="2671" WIDTH="30" HEIGHT="39" CONTENT="it" WC="0.47" CC="64"/>
						<SP ID="P1_SP00103" HPOS="665" VPOS="2723" WIDTH="33"/>
						<String ID="P1_ST00134" HPOS="698" VPOS="2671" WIDTH="157" HEIGHT="39" CONTENT="breeds" WC="0.98" CC="760010"/>
						<SP ID="P1_SP00104" HPOS="855" VPOS="2723" WIDTH="35"/>
						<String ID="P1_ST00135" HPOS="890" VPOS="2685" WIDTH="43" HEIGHT="25" CONTENT="re" SUBS_TYPE="HypPart1" SUBS_CONTENT="resentment." WC="0.95" CC="77"/>
						<HYP HPOS="932" VPOS="2685" WIDTH="20" CONTENT="-"/>
					</TextLine>
					<TextLine ID="P1_TL00032" HPOS="90" VPOS="2726" WIDTH="863" HEIGHT="54">
						<String ID="P1_ST00136" HPOS="90" VPOS="2734" WIDTH="236" HEIGHT="33" CONTENT="sentment." SUBS_TYPE="HypPart2" SUBS_CONTENT="resentment." WC="0.98" CC="977407750"/>
						<SP ID="P1_SP00105" HPOS="326" VPOS="2767" WIDTH="66"/>
						<String ID="P1_ST00137" HPOS="392" VPOS="2728" WIDTH="140" HEIGHT="52" CONTENT="Many" WC="0.96" CC="4084"/>
						<SP ID="P1_SP00106" HPOS="532" VPOS="2780" WIDTH="54"/>
						<String ID="P1_ST00138" HPOS="586" VPOS="2726" WIDTH="249" HEIGHT="52" CONTENT="foreigners" WC="0.99" CC="6000095100"/>
						<SP ID="P1_SP00107" HPOS="835" VPOS="2780" WIDTH="46"/>
						<String ID="P1_ST00139" HPOS="880" VPOS="2742" WIDTH="72" HEIGHT="25" CONTENT="are" WC="0.95" CC="606"/>
					</TextLine>
					<TextLine ID="P1_TL00033" HPOS="90" VPOS="2784" WIDTH="863" HEIGHT="52">
						<String ID="P1_ST00140" HPOS="90" VPOS="2784" WIDTH="72" HEIGHT="41" CONTENT="the" WC="0.95" CC="066"/>
						<SP ID="P1_SP00108" HPOS="162" VPOS="2825" WIDTH="68"/>
						<String ID="P1_ST00141" HPOS="230" VPOS="2798" WIDTH="260" HEIGHT="38" CONTENT="possessors" WC="0.99" CC="7261570305"/>
						<SP ID="P1_SP00109" HPOS="490" VPOS="2836" WIDTH="41"/>
						<String ID="P1_ST00142" HPOS="531" VPOS="2784" WIDTH="46" HEIGHT="41" CONTENT="of" WC="0.51" CC="90"/>
						<SP ID="P1_SP00110" HPOS="576" VPOS="2836" WIDTH="65"/>
						<String ID="P1_ST00143" HPOS="641" VPOS="2784" WIDTH="312" HEIGHT="52" CONTENT="intelligences" WC="0.99" CC="0640700927760"/>
					</TextLine>
					<TextLine ID="P1_TL00034" HPOS="88" VPOS="2841" WIDTH="864" HEIGHT="54">
						<String ID="P1_ST00144" HPOS="88" VPOS="2843" WIDTH="83" HEIGHT="38" CONTENT="and" WC="0.97" CC="700"/>
						<SP ID="P1_SP00111" HPOS="172" VPOS="2880" WIDTH="57"/>
						<String ID="P1_ST00145" HPOS="228" VPOS="2841" WIDTH="208" HEIGHT="44" CONTENT="faculties" WC="0.98" CC="507841066"/>
						<SP ID="P1_SP00112" HPOS="436" VPOS="2885" WIDTH="54"/>
						<String ID="P1_ST00146" HPOS="490" VPOS="2841" WIDTH="68" HEIGHT="41" CONTENT="far" WC="0.92" CC="677"/>
						<SP ID="P1_SP00113" HPOS="557" VPOS="2885" WIDTH="54"/>
						<String ID="P1_ST00147" HPOS="611" VPOS="2850" WIDTH="178" HEIGHT="44" CONTENT="greater" WC="0.98" CC="0079410"/>
						<SP ID="P1_SP00114" HPOS="789" VPOS="2894" WIDTH="57"/>
						<String ID="P1_ST00148" HPOS="846" VPOS="2844" WIDTH="106" HEIGHT="39" CONTENT="than" WC="0.96" CC="3607"/>
					</TextLine>
					<TextLine ID="P1_TL00035" HPOS="87" VPOS="2899" WIDTH="865" HEIGHT="52">
						<String ID="P1_ST00149" HPOS="87" VPOS="2899" WIDTH="129" HEIGHT="43" CONTENT="those" WC="0.96" CC="65690"/>
						<SP ID="P1_SP00115" HPOS="216" VPOS="2942" WIDTH="30"/>
						<String ID="P1_ST00150" HPOS="246" VPOS="2899" WIDTH="98" HEIGHT="41" CONTENT="who" WC="0.97" CC="006"/>
						<SP ID="P1_SP00116" HPOS="343" VPOS="2942" WIDTH="28"/>
						<String ID="P1_ST00151" HPOS="372" VPOS="2915" WIDTH="72" HEIGHT="27" CONTENT="are" WC="0.98" CC="004"/>
						<SP ID="P1_SP00117" HPOS="444" VPOS="2942" WIDTH="28"/>
						<String ID="P1_ST00152" HPOS="472" VPOS="2899" WIDTH="183" HEIGHT="52" CONTENT="dealing" WC="0.97" CC="9774069"/>
						<SP ID="P1_SP00118" HPOS="655" VPOS="2951" WIDTH="27"/>
						<String ID="P1_ST00153" HPOS="682" VPOS="2901" WIDTH="104" HEIGHT="39" CONTENT="with" WC="0.97" CC="9200"/>
						<SP ID="P1_SP00119" HPOS="786" VPOS="2951" WIDTH="30"/>
						<String ID="P1_ST00154" HPOS="816" VPOS="2901" WIDTH="135" HEIGHT="39" CONTENT="them." WC="1.00" CC="00000"/>
					</TextLine>
					<TextLine ID="P1_TL00036" HPOS="88" VPOS="2956" WIDTH="863" HEIGHT="54">
						<String ID="P1_ST00155" HPOS="88" VPOS="2956" WIDTH="85" HEIGHT="39" CONTENT="We" WC="0.35" CC="57"/>
						<SP ID="P1_SP00120" HPOS="173" VPOS="2995" WIDTH="30"/>
						<String ID="P1_ST00156" HPOS="203" VPOS="2957" WIDTH="110" HEIGHT="39" CONTENT="have" WC="0.97" CC="0057"/>
						<SP ID="P1_SP00121" HPOS="313" VPOS="2997" WIDTH="28"/>
						<String ID="P1_ST00157" HPOS="342" VPOS="2973" WIDTH="55" HEIGHT="24" CONTENT="no" WC="0.57" CC="80"/>
						<SP ID="P1_SP00122" HPOS="397" VPOS="2997" WIDTH="28"/>
						<String ID="P1_ST00158" HPOS="425" VPOS="2957" WIDTH="109" HEIGHT="39" CONTENT="such" WC="0.95" CC="7860"/>
						<SP ID="P1_SP00123" HPOS="534" VPOS="2997" WIDTH="28"/>
						<String ID="P1_ST00159" HPOS="562" VPOS="2957" WIDTH="99" HEIGHT="39" CONTENT="love" WC="0.96" CC="5067"/>
						<SP ID="P1_SP00124" HPOS="661" VPOS="2997" WIDTH="30"/>
						<String ID="P1_ST00160" HPOS="691" VPOS="2957" WIDTH="66" HEIGHT="39" CONTENT="for" WC="0.93" CC="594"/>
						<SP ID="P1_SP00125" HPOS="757" VPOS="2997" WIDTH="28"/>
						<String ID="P1_ST00161" HPOS="786" VPOS="2959" WIDTH="165" HEIGHT="50" CONTENT="beauty" WC="0.98" CC="700807"/>
					</TextLine>
					<TextLine ID="P1_TL00037" HPOS="87" VPOS="3013" WIDTH="863" HEIGHT="44">
						<String ID="P1_ST00162" HPOS="87" VPOS="3027" WIDTH="49" HEIGHT="27" CONTENT="as" WC="0.13" CC="79"/>
						<SP ID="P1_SP00126" HPOS="135" VPOS="3054" WIDTH="31"/>
						<String ID="P1_ST00163" HPOS="167" VPOS="3013" WIDTH="96" HEIGHT="41" CONTENT="that" WC="0.95" CC="5764"/>
						<SP ID="P1_SP00127" HPOS="263" VPOS="3054" WIDTH="30"/>
						<String ID="P1_ST00164" HPOS="293" VPOS="3028" WIDTH="49" HEIGHT="27" CONTENT="so" WC="0.37" CC="57"/>
						<SP ID="P1_SP00128" HPOS="342" VPOS="3055" WIDTH="28"/>
						<String ID="P1_ST00165" HPOS="370" VPOS="3027" WIDTH="208" HEIGHT="30" CONTENT="common" WC="0.97" CC="177907"/>
						<SP ID="P1_SP00129" HPOS="578" VPOS="3057" WIDTH="31"/>
						<String ID="P1_ST00166" HPOS="609" VPOS="3016" WIDTH="41" HEIGHT="38" CONTENT="in" WC="0.17" CC="88"/>
						<SP ID="P1_SP00130" HPOS="650" VPOS="3057" WIDTH="33"/>
						<String ID="P1_ST00167" HPOS="683" VPOS="3016" WIDTH="74" HEIGHT="39" CONTENT="the" WC="1.00" CC="001"/>
						<SP ID="P1_SP00131" HPOS="757" VPOS="3057" WIDTH="33"/>
						<String ID="P1_ST00168" HPOS="791" VPOS="3014" WIDTH="159" HEIGHT="39" CONTENT="Italian" WC="0.97" CC="6294168"/>
					</TextLine>
					<TextLine ID="P1_TL00038" HPOS="87" VPOS="3069" WIDTH="866" HEIGHT="52">
						<String ID="P1_ST00169" HPOS="87" VPOS="3083" WIDTH="117" HEIGHT="27" CONTENT="race," WC="0.97" CC="06445"/>
						<SP ID="P1_SP00132" HPOS="203" VPOS="3110" WIDTH="30"/>
						<String ID="P1_ST00170" HPOS="233" VPOS="3083" WIDTH="80" HEIGHT="25" CONTENT="nor" WC="0.97" CC="043"/>
						<SP ID="P1_SP00133" HPOS="313" VPOS="3110" WIDTH="31"/>
						<String ID="P1_ST00171" HPOS="345" VPOS="3069" WIDTH="115" HEIGHT="39" CONTENT="their" WC="0.96" CC="76557"/>
						<SP ID="P1_SP00134" HPOS="460" VPOS="3110" WIDTH="30"/>
						<String ID="P1_ST00172" HPOS="490" VPOS="3083" WIDTH="153" HEIGHT="38" CONTENT="power" WC="0.97" CC="25902"/>
						<SP ID="P1_SP00135" HPOS="643" VPOS="3121" WIDTH="30"/>
						<String ID="P1_ST00173" HPOS="672" VPOS="3071" WIDTH="46" HEIGHT="38" CONTENT="of" WC="0.21" CC="95"/>
						<SP ID="P1_SP00136" HPOS="718" VPOS="3121" WIDTH="31"/>
						<String ID="P1_ST00174" HPOS="750" VPOS="3083" WIDTH="178" HEIGHT="38" CONTENT="express" SUBS_TYPE="HypPart1" SUBS_CONTENT="expressing" WC="0.99" CC="4004006"/>
						<HYP HPOS="928" VPOS="3083" WIDTH="25" CONTENT="-"/>
					</TextLine>
					<TextLine ID="P1_TL00039" HPOS="88" VPOS="3126" WIDTH="865" HEIGHT="51">
						<String ID="P1_ST00175" HPOS="88" VPOS="3126" WIDTH="79" HEIGHT="50" CONTENT="ing" SUBS_TYPE="HypPart2" SUBS_CONTENT="expressing" WC="0.92" CC="669"/>
						<SP ID="P1_SP00137" HPOS="167" VPOS="3176" WIDTH="25"/>
						<String ID="P1_ST00176" HPOS="192" VPOS="3126" WIDTH="31" HEIGHT="39" CONTENT="it" WC="0.42" CC="65"/>
						<SP ID="P1_SP00138" HPOS="224" VPOS="3176" WIDTH="27"/>
						<String ID="P1_ST00177" HPOS="250" VPOS="3126" WIDTH="41" HEIGHT="39" CONTENT="in" WC="0.52" CC="27"/>
						<SP ID="P1_SP00139" HPOS="291" VPOS="3176" WIDTH="31"/>
						<String ID="P1_ST00178" HPOS="323" VPOS="3128" WIDTH="250" HEIGHT="38" CONTENT="wonderful" WC="0.97" CC="988965085"/>
						<SP ID="P1_SP00140" HPOS="573" VPOS="3176" WIDTH="28"/>
						<String ID="P1_ST00179" HPOS="602" VPOS="3128" WIDTH="213" HEIGHT="49" CONTENT="pictures," WC="0.98" CC="702675090"/>
						<SP ID="P1_SP00141" HPOS="814" VPOS="3176" WIDTH="30"/>
						<String ID="P1_ST00180" HPOS="844" VPOS="3134" WIDTH="88" HEIGHT="31" CONTENT="stat" SUBS_TYPE="HypPart1" SUBS_CONTENT="statues," WC="0.98" CC="0162"/>
						<HYP HPOS="932" VPOS="3134" WIDTH="20" CONTENT="-"/>
					</TextLine>
					<TextLine ID="P1_TL00040" HPOS="88" VPOS="3197" WIDTH="276" HEIGHT="33">
						<String ID="P1_ST00181" HPOS="88" VPOS="3197" WIDTH="91" HEIGHT="30" CONTENT="ues," SUBS_TYPE="HypPart2" SUBS_CONTENT="statues," WC="0.96" CC="8450"/>
						<SP ID="P1_SP00142" HPOS="180" VPOS="3227" WIDTH="33"/>
						<String ID="P1_ST00182" HPOS="213" VPOS="3197" WIDTH="151" HEIGHT="33" CONTENT="songs." WC="0.97" CC="377970"/>
					</TextLine>
				</TextBlock>
				<TextBlock ID="P1_TB00009" HPOS="79" VPOS="3239" WIDTH="871" HEIGHT="735" language="en" STYLEREFS="TXT_1 PAR_BLOCK">
					<TextLine ID="P1_TL00041" HPOS="142" VPOS="3241" WIDTH="808" HEIGHT="52">
						<String ID="P1_ST00183" HPOS="142" VPOS="3241" WIDTH="313" HEIGHT="43" CONTENT="“Bolshevism" WC="0.98" CC="86780785798"/>
						<SP ID="P1_SP00143" HPOS="455" VPOS="3283" WIDTH="41"/>
						<String ID="P1_ST00184" HPOS="496" VPOS="3244" WIDTH="140" HEIGHT="38" CONTENT="exists" WC="0.96" CC="776909"/>
						<SP ID="P1_SP00144" HPOS="636" VPOS="3283" WIDTH="36"/>
						<String ID="P1_ST00185" HPOS="672" VPOS="3257" WIDTH="167" HEIGHT="36" CONTENT="among" WC="0.94" CC="79789"/>
						<SP ID="P1_SP00145" HPOS="839" VPOS="3293" WIDTH="36"/>
						<String ID="P1_ST00186" HPOS="876" VPOS="3243" WIDTH="74" HEIGHT="39" CONTENT="the" WC="0.93" CC="566"/>
					</TextLine>
					<TextLine ID="P1_TL00042" HPOS="85" VPOS="3298" WIDTH="865" HEIGHT="52">
						<String ID="P1_ST00187" HPOS="85" VPOS="3298" WIDTH="91" HEIGHT="43" CONTENT="rich" WC="0.94" CC="5587"/>
						<SP ID="P1_SP00146" HPOS="176" VPOS="3340" WIDTH="35"/>
						<String ID="P1_ST00188" HPOS="211" VPOS="3313" WIDTH="50" HEIGHT="27" CONTENT="as" WC="0.13" CC="79"/>
						<SP ID="P1_SP00147" HPOS="261" VPOS="3340" WIDTH="36"/>
						<String ID="P1_ST00189" HPOS="298" VPOS="3298" WIDTH="99" HEIGHT="43" CONTENT="well" WC="0.93" CC="9687"/>
						<SP ID="P1_SP00148" HPOS="397" VPOS="3340" WIDTH="36"/>
						<String ID="P1_ST00190" HPOS="433" VPOS="3313" WIDTH="47" HEIGHT="27" CONTENT="as" WC="0.32" CC="76"/>
						<SP ID="P1_SP00149" HPOS="480" VPOS="3340" WIDTH="36"/>
						<String ID="P1_ST00191" HPOS="517" VPOS="3313" WIDTH="165" HEIGHT="35" CONTENT="among" WC="0.94" CC="69789"/>
						<SP ID="P1_SP00150" HPOS="682" VPOS="3348" WIDTH="33"/>
						<String ID="P1_ST00192" HPOS="715" VPOS="3299" WIDTH="76" HEIGHT="39" CONTENT="the" WC="0.95" CC="707"/>
						<SP ID="P1_SP00151" HPOS="791" VPOS="3348" WIDTH="35"/>
						<String ID="P1_ST00193" HPOS="825" VPOS="3312" WIDTH="124" HEIGHT="38" CONTENT="poor." WC="0.96" CC="97760"/>
					</TextLine>
					<TextLine ID="P1_TL00043" HPOS="83" VPOS="3354" WIDTH="866" HEIGHT="54">
						<String ID="P1_ST00194" HPOS="83" VPOS="3354" WIDTH="148" HEIGHT="43" CONTENT="There" WC="0.96" CC="66707"/>
						<SP ID="P1_SP00152" HPOS="231" VPOS="3397" WIDTH="41"/>
						<String ID="P1_ST00195" HPOS="272" VPOS="3372" WIDTH="76" HEIGHT="25" CONTENT="are" WC="0.91" CC="967"/>
						<SP ID="P1_SP00153" HPOS="348" VPOS="3397" WIDTH="44"/>
						<String ID="P1_ST00196" HPOS="392" VPOS="3357" WIDTH="170" HEIGHT="39" CONTENT="several" WC="0.99" CC="0053390"/>
						<SP ID="P1_SP00154" HPOS="562" VPOS="3397" WIDTH="47"/>
						<String ID="P1_ST00197" HPOS="609" VPOS="3357" WIDTH="194" HEIGHT="50" CONTENT="wealthy" WC="0.98" CC="9337307"/>
						<SP ID="P1_SP00155" HPOS="803" VPOS="3408" WIDTH="43"/>
						<String ID="P1_ST00198" HPOS="846" VPOS="3370" WIDTH="79" HEIGHT="38" CONTENT="peo" SUBS_TYPE="HypPart1" SUBS_CONTENT="people" WC="0.97" CC="059"/>
						<HYP HPOS="924" VPOS="3370" WIDTH="25" CONTENT="-"/>
					</TextLine>
					<TextLine ID="P1_TL00044" HPOS="83" VPOS="3414" WIDTH="867" HEIGHT="51">
						<String ID="P1_ST00199" HPOS="83" VPOS="3414" WIDTH="71" HEIGHT="49" CONTENT="ple" SUBS_TYPE="HypPart2" SUBS_CONTENT="people" WC="0.96" CC="073"/>
						<SP ID="P1_SP00156" HPOS="154" VPOS="3463" WIDTH="41"/>
						<String ID="P1_ST00200" HPOS="195" VPOS="3414" WIDTH="43" HEIGHT="39" CONTENT="in" WC="0.21" CC="78"/>
						<SP ID="P1_SP00157" HPOS="238" VPOS="3463" WIDTH="43"/>
						<String ID="P1_ST00201" HPOS="280" VPOS="3414" WIDTH="88" HEIGHT="39" CONTENT="this" WC="0.94" CC="7976"/>
						<SP ID="P1_SP00158" HPOS="369" VPOS="3463" WIDTH="41"/>
						<String ID="P1_ST00202" HPOS="409" VPOS="3422" WIDTH="191" HEIGHT="43" CONTENT="country" WC="0.97" CC="8778008"/>
						<SP ID="P1_SP00159" HPOS="600" VPOS="3465" WIDTH="44"/>
						<String ID="P1_ST00203" HPOS="644" VPOS="3416" WIDTH="181" HEIGHT="49" CONTENT="secretly" WC="0.97" CC="67686927"/>
						<String ID="P1_ST00204" HPOS="825" VPOS="3428" WIDTH="9" HEIGHT="11" CONTENT="7" STYLE="superscript" WC="0.55" CC="4"/>
						<SP ID="P1_SP00160" HPOS="835" VPOS="3465" WIDTH="44"/>
						<String ID="P1_ST00205" HPOS="879" VPOS="3414" WIDTH="47" HEIGHT="39" CONTENT="de" SUBS_TYPE="HypPart1" SUBS_CONTENT="devoting" WC="0.92" CC="97"/>
						<HYP HPOS="926" VPOS="3414" WIDTH="24" CONTENT="-"/>
					</TextLine>
					<TextLine ID="P1_TL00045" HPOS="83" VPOS="3469" WIDTH="867" HEIGHT="54">
						<String ID="P1_ST00206" HPOS="83" VPOS="3469" WIDTH="159" HEIGHT="54" CONTENT="voting" SUBS_TYPE="HypPart2" SUBS_CONTENT="devoting" WC="0.96" CC="647889"/>
						<SP ID="P1_SP00161" HPOS="243" VPOS="3523" WIDTH="33"/>
						<String ID="P1_ST00207" HPOS="276" VPOS="3471" WIDTH="117" HEIGHT="39" CONTENT="their" WC="0.97" CC="69305"/>
						<SP ID="P1_SP00162" HPOS="392" VPOS="3523" WIDTH="63"/>
						<String ID="P1_ST00208" HPOS="455" VPOS="3471" WIDTH="142" HEIGHT="39" CONTENT="entire" WC="0.97" CC="783405"/>
						<SP ID="P1_SP00163" HPOS="597" VPOS="3523" WIDTH="38"/>
						<String ID="P1_ST00209" HPOS="635" VPOS="3469" WIDTH="203" HEIGHT="41" CONTENT="fortunes" WC="0.97" CC="57768819"/>
						<SP ID="P1_SP00164" HPOS="838" VPOS="3523" WIDTH="66"/>
						<String ID="P1_ST00210" HPOS="904" VPOS="3479" WIDTH="46" HEIGHT="31" CONTENT="to" WC="0.28" CC="49"/>
					</TextLine>
					<TextLine ID="P1_TL00046" HPOS="82" VPOS="3526" WIDTH="868" HEIGHT="52">
						<String ID="P1_ST00211" HPOS="82" VPOS="3526" WIDTH="77" HEIGHT="39" CONTENT="the" WC="0.95" CC="606"/>
						<SP ID="P1_SP00165" HPOS="159" VPOS="3565" WIDTH="27"/>
						<String ID="P1_ST00212" HPOS="186" VPOS="3528" WIDTH="263" HEIGHT="50" CONTENT="promoting" WC="0.98" CC="000990679"/>
						<SP ID="P1_SP00166" HPOS="449" VPOS="3578" WIDTH="54"/>
						<String ID="P1_ST00213" HPOS="502" VPOS="3529" WIDTH="47" HEIGHT="38" CONTENT="of" WC="0.54" CC="90"/>
						<SP ID="P1_SP00167" HPOS="550" VPOS="3578" WIDTH="27"/>
						<String ID="P1_ST00214" HPOS="576" VPOS="3528" WIDTH="244" HEIGHT="41" CONTENT="Bolshevik" WC="0.98" CC="730970670"/>
						<SP ID="P1_SP00168" HPOS="820" VPOS="3578" WIDTH="58"/>
						<String ID="P1_ST00215" HPOS="879" VPOS="3542" WIDTH="47" HEIGHT="25" CONTENT="en" SUBS_TYPE="HypPart1" SUBS_CONTENT="enterprises" WC="0.93" CC="77"/>
						<HYP HPOS="926" VPOS="3542" WIDTH="24" CONTENT="-"/>
					</TextLine>
					<TextLine ID="P1_TL00047" HPOS="80" VPOS="3583" WIDTH="868" HEIGHT="52">
						<String ID="P1_ST00216" HPOS="80" VPOS="3583" WIDTH="216" HEIGHT="52" CONTENT="terprises" SUBS_TYPE="HypPart2" SUBS_CONTENT="enterprises" WC="0.99" CC="602067006"/>
						<SP ID="P1_SP00169" HPOS="296" VPOS="3635" WIDTH="63"/>
						<String ID="P1_ST00217" HPOS="359" VPOS="3583" WIDTH="85" HEIGHT="41" CONTENT="and" WC="0.91" CC="579"/>
						<SP ID="P1_SP00170" HPOS="444" VPOS="3635" WIDTH="68"/>
						<String ID="P1_ST00218" HPOS="512" VPOS="3583" WIDTH="131" HEIGHT="52" CONTENT="plots." WC="0.98" CC="924090"/>
						<SP ID="P1_SP00171" HPOS="643" VPOS="3635" WIDTH="63"/>
						<String ID="P1_ST00219" HPOS="706" VPOS="3583" WIDTH="129" HEIGHT="52" CONTENT="They" WC="0.95" CC="6743"/>
						<SP ID="P1_SP00172" HPOS="835" VPOS="3635" WIDTH="39"/>
						<String ID="P1_ST00220" HPOS="874" VPOS="3600" WIDTH="74" HEIGHT="24" CONTENT="are" WC="0.96" CC="407"/>
					</TextLine>
					<TextLine ID="P1_TL00048" HPOS="80" VPOS="3641" WIDTH="869" HEIGHT="41">
						<String ID="P1_ST00221" HPOS="80" VPOS="3641" WIDTH="175" HEIGHT="39" CONTENT="sincere" WC="0.97" CC="4777480"/>
						<SP ID="P1_SP00173" HPOS="255" VPOS="3680" WIDTH="31"/>
						<String ID="P1_ST00222" HPOS="287" VPOS="3641" WIDTH="83" HEIGHT="41" CONTENT="but" WC="0.93" CC="773"/>
						<SP ID="P1_SP00174" HPOS="370" VPOS="3682" WIDTH="36"/>
						<String ID="P1_ST00223" HPOS="406" VPOS="3643" WIDTH="282" HEIGHT="39" CONTENT="uneducated" WC="0.97" CC="7469869579"/>
						<SP ID="P1_SP00175" HPOS="688" VPOS="3682" WIDTH="36"/>
						<String ID="P1_ST00224" HPOS="724" VPOS="3643" WIDTH="85" HEIGHT="38" CONTENT="and" WC="0.92" CC="389"/>
						<SP ID="P1_SP00176" HPOS="809" VPOS="3682" WIDTH="36"/>
						<String ID="P1_ST00225" HPOS="846" VPOS="3641" WIDTH="79" HEIGHT="39" CONTENT="mis" SUBS_TYPE="HypPart1" SUBS_CONTENT="misguided" WC="0.94" CC="969"/>
						<HYP HPOS="924" VPOS="3641" WIDTH="25" CONTENT="-"/>
					</TextLine>
					<TextLine ID="P1_TL00049" HPOS="83" VPOS="3698" WIDTH="864" HEIGHT="50">
						<String ID="P1_ST00226" HPOS="83" VPOS="3698" WIDTH="162" HEIGHT="49" CONTENT="guided" SUBS_TYPE="HypPart2" SUBS_CONTENT="misguided" WC="0.95" CC="987979"/>
						<SP ID="P1_SP00177" HPOS="246" VPOS="3746" WIDTH="39"/>
						<String ID="P1_ST00227" HPOS="285" VPOS="3698" WIDTH="173" HEIGHT="50" CONTENT="people," WC="0.98" CC="8423800"/>
						<SP ID="P1_SP00178" HPOS="458" VPOS="3748" WIDTH="66"/>
						<String ID="P1_ST00228" HPOS="524" VPOS="3712" WIDTH="124" HEIGHT="28" CONTENT="some" WC="0.94" CC="6994"/>
						<SP ID="P1_SP00179" HPOS="649" VPOS="3748" WIDTH="39"/>
						<String ID="P1_ST00229" HPOS="688" VPOS="3698" WIDTH="46" HEIGHT="41" CONTENT="of" WC="0.63" CC="70"/>
						<SP ID="P1_SP00180" HPOS="734" VPOS="3748" WIDTH="68"/>
						<String ID="P1_ST00230" HPOS="802" VPOS="3698" WIDTH="145" HEIGHT="39" CONTENT="whom" WC="0.97" CC="9300"/>
					</TextLine>
					<TextLine ID="P1_TL00050" HPOS="79" VPOS="3756" WIDTH="869" HEIGHT="41">
						<String ID="P1_ST00231" HPOS="79" VPOS="3757" WIDTH="115" HEIGHT="39" CONTENT="have" WC="0.96" CC="9370"/>
						<SP ID="P1_SP00181" HPOS="194" VPOS="3797" WIDTH="41"/>
						<String ID="P1_ST00232" HPOS="235" VPOS="3757" WIDTH="211" HEIGHT="38" CONTENT="obtained" WC="0.97" CC="77670779"/>
						<SP ID="P1_SP00182" HPOS="446" VPOS="3797" WIDTH="69"/>
						<String ID="P1_ST00233" HPOS="515" VPOS="3769" WIDTH="123" HEIGHT="25" CONTENT="some" WC="0.93" CC="6797"/>
						<SP ID="P1_SP00183" HPOS="638" VPOS="3797" WIDTH="43"/>
						<String ID="P1_ST00234" HPOS="680" VPOS="3756" WIDTH="101" HEIGHT="39" CONTENT="wild" WC="0.92" CC="9989"/>
						<SP ID="P1_SP00184" HPOS="781" VPOS="3797" WIDTH="71"/>
						<String ID="P1_ST00235" HPOS="852" VPOS="3756" WIDTH="96" HEIGHT="39" CONTENT="idea" WC="0.97" CC="1046"/>
					</TextLine>
					<TextLine ID="P1_TL00051" HPOS="85" VPOS="3813" WIDTH="865" HEIGHT="49">
						<String ID="P1_ST00236" HPOS="85" VPOS="3813" WIDTH="113" HEIGHT="39" CONTENT="from" WC="0.99" CC="6000"/>
						<SP ID="P1_SP00185" HPOS="198" VPOS="3852" WIDTH="30"/>
						<String ID="P1_ST00237" HPOS="228" VPOS="3827" WIDTH="22" HEIGHT="27" CONTENT="a" WC="0.79" CC="2"/>
						<SP ID="P1_SP00186" HPOS="250" VPOS="3854" WIDTH="30"/>
						<String ID="P1_ST00238" HPOS="280" VPOS="3825" WIDTH="279" HEIGHT="36" CONTENT="newspaper," WC="0.99" CC="8090009780"/>
						<SP ID="P1_SP00187" HPOS="559" VPOS="3861" WIDTH="30"/>
						<String ID="P1_ST00239" HPOS="589" VPOS="3813" WIDTH="85" HEIGHT="39" CONTENT="and" WC="0.92" CC="649"/>
						<SP ID="P1_SP00188" HPOS="674" VPOS="3861" WIDTH="31"/>
						<String ID="P1_ST00240" HPOS="706" VPOS="3814" WIDTH="113" HEIGHT="38" CONTENT="have," WC="0.97" CC="63360"/>
						<SP ID="P1_SP00189" HPOS="819" VPOS="3861" WIDTH="28"/>
						<String ID="P1_ST00241" HPOS="847" VPOS="3813" WIDTH="102" HEIGHT="39" CONTENT="held" WC="0.95" CC="6708"/>
					</TextLine>
					<TextLine ID="P1_TL00052" HPOS="79" VPOS="3869" WIDTH="868" HEIGHT="51">
						<String ID="P1_ST00242" HPOS="79" VPOS="3879" WIDTH="49" HEIGHT="30" CONTENT="to" WC="0.14" CC="97"/>
						<SP ID="P1_SP00190" HPOS="128" VPOS="3909" WIDTH="25"/>
						<String ID="P1_ST00243" HPOS="153" VPOS="3869" WIDTH="33" HEIGHT="39" CONTENT="it" WC="0.50" CC="72"/>
						<SP ID="P1_SP00191" HPOS="186" VPOS="3909" WIDTH="27"/>
						<String ID="P1_ST00244" HPOS="213" VPOS="3871" WIDTH="191" HEIGHT="39" CONTENT="because" WC="0.98" CC="0029790"/>
						<SP ID="P1_SP00192" HPOS="403" VPOS="3910" WIDTH="30"/>
						<String ID="P1_ST00245" HPOS="433" VPOS="3871" WIDTH="107" HEIGHT="49" CONTENT="they" WC="0.97" CC="0626"/>
						<SP ID="P1_SP00193" HPOS="540" VPOS="3920" WIDTH="27"/>
						<String ID="P1_ST00246" HPOS="567" VPOS="3883" WIDTH="115" HEIGHT="27" CONTENT="were" WC="0.96" CC="9700"/>
						<SP ID="P1_SP00194" HPOS="682" VPOS="3920" WIDTH="27"/>
						<String ID="P1_ST00247" HPOS="709" VPOS="3877" WIDTH="80" HEIGHT="31" CONTENT="not" WC="0.95" CC="760"/>
						<SP ID="P1_SP00195" HPOS="789" VPOS="3920" WIDTH="30"/>
						<String ID="P1_ST00248" HPOS="819" VPOS="3871" WIDTH="128" HEIGHT="38" CONTENT="made" WC="0.96" CC="9243"/>
					</TextLine>
					<TextLine ID="P1_TL00053" HPOS="79" VPOS="3926" WIDTH="868" HEIGHT="48">
						<String ID="P1_ST00249" HPOS="79" VPOS="3932" WIDTH="49" HEIGHT="35" CONTENT="to" WC="0.35" CC="92"/>
						<SP ID="P1_SP00196" HPOS="128" VPOS="3967" WIDTH="31"/>
						<String ID="P1_ST00250" HPOS="159" VPOS="3940" WIDTH="72" HEIGHT="27" CONTENT="see" WC="0.93" CC="927"/>
						<SP ID="P1_SP00197" HPOS="231" VPOS="3967" WIDTH="30"/>
						<String ID="P1_ST00251" HPOS="261" VPOS="3926" WIDTH="72" HEIGHT="41" CONTENT="the" WC="0.92" CC="595"/>
						<SP ID="P1_SP00198" HPOS="334" VPOS="3967" WIDTH="30"/>
						<String ID="P1_ST00252" HPOS="364" VPOS="3928" WIDTH="134" HEIGHT="46" CONTENT="right." WC="0.96" CC="789660"/>
						<SP ID="P1_SP00199" HPOS="498" VPOS="3973" WIDTH="55"/>
						<String ID="P1_ST00253" HPOS="553" VPOS="3926" WIDTH="153" HEIGHT="39" CONTENT="There" WC="0.96" CC="55718"/>
						<SP ID="P1_SP00200" HPOS="706" VPOS="3973" WIDTH="31"/>
						<String ID="P1_ST00254" HPOS="737" VPOS="3928" WIDTH="35" HEIGHT="38" CONTENT="is" WC="0.64" CC="06"/>
						<SP ID="P1_SP00201" HPOS="772" VPOS="3973" WIDTH="31"/>
						<String ID="P1_ST00255" HPOS="803" VPOS="3943" WIDTH="20" HEIGHT="24" CONTENT="a" WC="0.32" CC="6"/>
						<SP ID="P1_SP00202" HPOS="824" VPOS="3973" WIDTH="31"/>
						<String ID="P1_ST00256" HPOS="855" VPOS="3940" WIDTH="69" HEIGHT="25" CONTENT="cer" SUBS_TYPE="HypPart1" SUBS_CONTENT="certain" WC="0.56" CC="844"/>
						<HYP HPOS="924" VPOS="3940" WIDTH="22" CONTENT="-"/>
					</TextLine>
				</TextBlock>
				<TextBlock ID="P1_TB00010" HPOS="72" VPOS="4082" WIDTH="880" HEIGHT="109" language="en" STYLEREFS="TXT_4 PAR_LEFT">
					<TextLine ID="P1_TL00054" HPOS="72" VPOS="4085" WIDTH="798" HEIGHT="54">
						<String ID="P1_ST00257" HPOS="72" VPOS="4087" WIDTH="43" HEIGHT="50" CONTENT="J." WC="0.45" CC="37"/>
						<SP ID="P1_SP00203" HPOS="115" VPOS="4137" WIDTH="25"/>
						<String ID="P1_ST00258" HPOS="140" VPOS="4087" WIDTH="54" HEIGHT="39" CONTENT="L." WC="0.39" CC="92"/>
						<SP ID="P1_SP00204" HPOS="194" VPOS="4137" WIDTH="20"/>
						<String ID="P1_ST00259" HPOS="214" VPOS="4085" WIDTH="200" HEIGHT="54" CONTENT="JENKS" WC="0.55" CC="82820"/>
						<SP ID="P1_SP00205" HPOS="414" VPOS="4139" WIDTH="28"/>
						<String ID="P1_ST00260" HPOS="443" VPOS="4085" WIDTH="77" HEIGHT="47" CONTENT="’2O," WC="0.43" CC="8473"/>
						<SP ID="P1_SP00206" HPOS="520" VPOS="4139" WIDTH="22"/>
						<String ID="P1_ST00261" HPOS="542" VPOS="4085" WIDTH="328" HEIGHT="39" CONTENT="EXPLAINS" WC="0.98" CC="70673860"/>
					</TextLine>
					<TextLine ID="P1_TL00055" HPOS="191" VPOS="4153" WIDTH="751" HEIGHT="38">
						<String ID="P1_ST00262" HPOS="191" VPOS="4153" WIDTH="261" HEIGHT="38" CONTENT="ROTARY" WC="0.99" CC="405000"/>
						<SP ID="P1_SP00207" HPOS="452" VPOS="4191" WIDTH="35"/>
						<String ID="P1_ST00263" HPOS="487" VPOS="4153" WIDTH="205" HEIGHT="38" CONTENT="SPARK" WC="1.00" CC="00000"/>
						<SP ID="P1_SP00208" HPOS="691" VPOS="4191" WIDTH="35"/>
						<String ID="P1_ST00264" HPOS="726" VPOS="4153" WIDTH="216" HEIGHT="38" CONTENT="PLUGS." WC="0.99" CC="500002"/>
					</TextLine>
				</TextBlock>
				<TextBlock ID="P1_TB00011" HPOS="74" VPOS="4288" WIDTH="870" HEIGHT="175" language="en" STYLEREFS="TXT_4 PAR_LEFT">
					<TextLine ID="P1_TL00056" HPOS="74" VPOS="4290" WIDTH="870" HEIGHT="41">
						<String ID="P1_ST00265" HPOS="74" VPOS="4290" WIDTH="227" HEIGHT="41" CONTENT="Practical" WC="0.99" CC="740006066"/>
						<SP ID="P1_SP00209" HPOS="301" VPOS="4331" WIDTH="24"/>
						<String ID="P1_ST00266" HPOS="324" VPOS="4290" WIDTH="376" HEIGHT="41" CONTENT="Demonstration" WC="1.00" CC="3066000004007"/>
						<SP ID="P1_SP00210" HPOS="701" VPOS="4331" WIDTH="22"/>
						<String ID="P1_ST00267" HPOS="723" VPOS="4291" WIDTH="88" HEIGHT="39" CONTENT="and" WC="0.97" CC="035"/>
						<SP ID="P1_SP00211" HPOS="811" VPOS="4331" WIDTH="24"/>
						<String ID="P1_ST00268" HPOS="835" VPOS="4290" WIDTH="82" HEIGHT="38" CONTENT="Lec" SUBS_TYPE="HypPart1" SUBS_CONTENT="Lecture" WC="0.99" CC="400"/>
						<HYP HPOS="917" VPOS="4290" WIDTH="27" CONTENT="-"/>
					</TextLine>
					<TextLine ID="P1_TL00057" HPOS="128" VPOS="4357" WIDTH="761" HEIGHT="50">
						<String ID="P1_ST00269" HPOS="128" VPOS="4364" WIDTH="104" HEIGHT="33" CONTENT="ture" SUBS_TYPE="HypPart2" SUBS_CONTENT="Lecture" WC="0.96" CC="7650"/>
						<SP ID="P1_SP00212" HPOS="231" VPOS="4397" WIDTH="31"/>
						<String ID="P1_ST00270" HPOS="263" VPOS="4357" WIDTH="131" HEIGHT="39" CONTENT="Adds" WC="0.96" CC="5760"/>
						<SP ID="P1_SP00213" HPOS="394" VPOS="4397" WIDTH="30"/>
						<String ID="P1_ST00271" HPOS="424" VPOS="4357" WIDTH="145" HEIGHT="41" CONTENT="Much" WC="0.96" CC="4447"/>
						<SP ID="P1_SP00214" HPOS="569" VPOS="4398" WIDTH="25"/>
						<String ID="P1_ST00272" HPOS="594" VPOS="4365" WIDTH="55" HEIGHT="35" CONTENT="to" WC="0.25" CC="77"/>
						<SP ID="P1_SP00215" HPOS="649" VPOS="4400" WIDTH="28"/>
						<String ID="P1_ST00273" HPOS="677" VPOS="4357" WIDTH="211" HEIGHT="50" CONTENT="Meeting" WC="0.98" CC="6585036"/>
					</TextLine>
					<TextLine ID="P1_TL00058" HPOS="320" VPOS="4425" WIDTH="378" HEIGHT="38">
						<String ID="P1_ST00274" HPOS="320" VPOS="4425" WIDTH="47" HEIGHT="38" CONTENT="of" WC="1.00" CC="00"/>
						<SP ID="P1_SP00216" HPOS="367" VPOS="4463" WIDTH="25"/>
						<String ID="P1_ST00275" HPOS="392" VPOS="4425" WIDTH="148" HEIGHT="38" CONTENT="Radio" WC="0.99" CC="00040"/>
						<SP ID="P1_SP00217" HPOS="540" VPOS="4463" WIDTH="27"/>
						<String ID="P1_ST00276" HPOS="567" VPOS="4425" WIDTH="131" HEIGHT="38" CONTENT="Club.." WC="0.97" CC="888802"/>
					</TextLine>
				</TextBlock>
				<TextBlock ID="P1_TB00012" HPOS="65" VPOS="4499" WIDTH="874" HEIGHT="611" language="en" STYLEREFS="TXT_1 PAR_BLOCK">
					<TextLine ID="P1_TL00059" HPOS="126" VPOS="4501" WIDTH="813" HEIGHT="43">
						<String ID="P1_ST00277" HPOS="126" VPOS="4501" WIDTH="101" HEIGHT="43" CONTENT="The" WC="0.93" CC="577"/>
						<SP ID="P1_SP00218" HPOS="227" VPOS="4543" WIDTH="27"/>
						<String ID="P1_ST00278" HPOS="254" VPOS="4502" WIDTH="167" HEIGHT="41" CONTENT="Brown" WC="0.96" CC="67637"/>
						<SP ID="P1_SP00219" HPOS="420" VPOS="4543" WIDTH="25"/>
						<String ID="P1_ST00279" HPOS="446" VPOS="4501" WIDTH="145" HEIGHT="41" CONTENT="Radio" WC="0.95" CC="79677"/>
						<SP ID="P1_SP00220" HPOS="591" VPOS="4543" WIDTH="27"/>
						<String ID="P1_ST00280" HPOS="617" VPOS="4502" WIDTH="113" HEIGHT="39" CONTENT="Club" WC="0.95" CC="0687"/>
						<SP ID="P1_SP00221" HPOS="731" VPOS="4543" WIDTH="22"/>
						<String ID="P1_ST00281" HPOS="753" VPOS="4502" WIDTH="106" HEIGHT="41" CONTENT="held" WC="0.96" CC="7036"/>
						<SP ID="P1_SP00222" HPOS="858" VPOS="4543" WIDTH="28"/>
						<String ID="P1_ST00282" HPOS="887" VPOS="4518" WIDTH="52" HEIGHT="25" CONTENT="an" WC="0.24" CC="78"/>
					</TextLine>
					<TextLine ID="P1_TL00060" HPOS="72" VPOS="4557" WIDTH="867" HEIGHT="52">
						<String ID="P1_ST00283" HPOS="72" VPOS="4559" WIDTH="249" HEIGHT="50" CONTENT="important" WC="0.99" CC="700050640"/>
						<SP ID="P1_SP00223" HPOS="321" VPOS="4609" WIDTH="24"/>
						<String ID="P1_ST00284" HPOS="345" VPOS="4557" WIDTH="209" HEIGHT="43" CONTENT="business" WC="0.98" CC="66005607"/>
						<SP ID="P1_SP00224" HPOS="554" VPOS="4609" WIDTH="22"/>
						<String ID="P1_ST00285" HPOS="576" VPOS="4557" WIDTH="203" HEIGHT="52" CONTENT="meeting" WC="0.97" CC="7742089"/>
						<SP ID="P1_SP00225" HPOS="780" VPOS="4609" WIDTH="24"/>
						<String ID="P1_ST00286" HPOS="803" VPOS="4559" WIDTH="102" HEIGHT="39" CONTENT="Wed" SUBS_TYPE="HypPart1" SUBS_CONTENT="Wednesday" WC="0.95" CC="649"/>
						<HYP HPOS="906" VPOS="4559" WIDTH="33" CONTENT="-"/>
					</TextLine>
					<TextLine ID="P1_TL00061" HPOS="71" VPOS="4616" WIDTH="868" HEIGHT="52">
						<String ID="P1_ST00287" HPOS="71" VPOS="4617" WIDTH="173" HEIGHT="50" CONTENT="nesday" SUBS_TYPE="HypPart2" SUBS_CONTENT="Wednesday" WC="0.97" CC="833664"/>
						<SP ID="P1_SP00226" HPOS="244" VPOS="4668" WIDTH="28"/>
						<String ID="P1_ST00288" HPOS="272" VPOS="4616" WIDTH="208" HEIGHT="50" CONTENT="evening," WC="0.97" CC="50758697"/>
						<SP ID="P1_SP00227" HPOS="480" VPOS="4668" WIDTH="27"/>
						<String ID="P1_ST00289" HPOS="507" VPOS="4617" WIDTH="46" HEIGHT="38" CONTENT="in" WC="0.39" CC="47"/>
						<SP ID="P1_SP00228" HPOS="553" VPOS="4668" WIDTH="31"/>
						<String ID="P1_ST00290" HPOS="584" VPOS="4616" WIDTH="76" HEIGHT="43" CONTENT="the" WC="0.92" CC="577"/>
						<SP ID="P1_SP00229" HPOS="660" VPOS="4668" WIDTH="35"/>
						<String ID="P1_ST00291" HPOS="694" VPOS="4616" WIDTH="217" HEIGHT="49" CONTENT="Engineer" SUBS_TYPE="HypPart1" SUBS_CONTENT="Engineering" WC="0.98" CC="39907070"/>
						<HYP HPOS="912" VPOS="4616" WIDTH="27" CONTENT="-"/>
					</TextLine>
					<TextLine ID="P1_TL00062" HPOS="71" VPOS="4672" WIDTH="865" HEIGHT="52">
						<String ID="P1_ST00292" HPOS="71" VPOS="4672" WIDTH="80" HEIGHT="52" CONTENT="ing" SUBS_TYPE="HypPart2" SUBS_CONTENT="Engineering" WC="0.94" CC="409"/>
						<SP ID="P1_SP00230" HPOS="151" VPOS="4724" WIDTH="31"/>
						<String ID="P1_ST00293" HPOS="183" VPOS="4672" WIDTH="225" HEIGHT="50" CONTENT="Building," WC="0.98" CC="537707690"/>
						<SP ID="P1_SP00231" HPOS="408" VPOS="4724" WIDTH="58"/>
						<String ID="P1_ST00294" HPOS="466" VPOS="4680" WIDTH="44" HEIGHT="33" CONTENT="at" WC="0.25" CC="86"/>
						<SP ID="P1_SP00232" HPOS="510" VPOS="4724" WIDTH="30"/>
						<String ID="P1_ST00295" HPOS="540" VPOS="4672" WIDTH="76" HEIGHT="43" CONTENT="the" WC="0.93" CC="477"/>
						<SP ID="P1_SP00233" HPOS="616" VPOS="4724" WIDTH="58"/>
						<String ID="P1_ST00296" HPOS="674" VPOS="4672" WIDTH="261" HEIGHT="41" CONTENT="conclusion" WC="0.98" CC="8738580078"/>
					</TextLine>
					<TextLine ID="P1_TL00063" HPOS="68" VPOS="4731" WIDTH="866" HEIGHT="50">
						<String ID="P1_ST00297" HPOS="68" VPOS="4731" WIDTH="49" HEIGHT="41" CONTENT="of" WC="0.47" CC="73"/>
						<SP ID="P1_SP00234" HPOS="117" VPOS="4772" WIDTH="28"/>
						<String ID="P1_ST00298" HPOS="145" VPOS="4731" WIDTH="145" HEIGHT="39" CONTENT="which" WC="0.98" CC="04016"/>
						<SP ID="P1_SP00235" HPOS="290" VPOS="4772" WIDTH="27"/>
						<String ID="P1_ST00299" HPOS="317" VPOS="4731" WIDTH="36" HEIGHT="50" CONTENT="J." WC="0.82" CC="30"/>
						<SP ID="P1_SP00236" HPOS="353" VPOS="4781" WIDTH="33"/>
						<String ID="P1_ST00300" HPOS="386" VPOS="4731" WIDTH="46" HEIGHT="38" CONTENT="L." WC="0.93" CC="10"/>
						<SP ID="P1_SP00237" HPOS="431" VPOS="4781" WIDTH="28"/>
						<String ID="P1_ST00301" HPOS="460" VPOS="4731" WIDTH="142" HEIGHT="49" CONTENT="Jenks" WC="0.43" CC="77660"/>
						<SP ID="P1_SP00238" HPOS="602" VPOS="4781" WIDTH="27"/>
						<String ID="P1_ST00302" HPOS="628" VPOS="4731" WIDTH="79" HEIGHT="41" CONTENT="’2O," WC="0.57" CC="2770"/>
						<SP ID="P1_SP00239" HPOS="707" VPOS="4781" WIDTH="30"/>
						<String ID="P1_ST00303" HPOS="737" VPOS="4743" WIDTH="115" HEIGHT="38" CONTENT="gave" WC="0.94" CC="7965"/>
						<SP ID="P1_SP00240" HPOS="852" VPOS="4781" WIDTH="28"/>
						<String ID="P1_ST00304" HPOS="880" VPOS="4742" WIDTH="54" HEIGHT="27" CONTENT="an" WC="0.09" CC="98"/>
					</TextLine>
					<TextLine ID="P1_TL00064" HPOS="68" VPOS="4784" WIDTH="868" HEIGHT="54">
						<String ID="P1_ST00305" HPOS="68" VPOS="4786" WIDTH="272" HEIGHT="52" CONTENT="interesting" WC="0.98" CC="81646064859"/>
						<SP ID="P1_SP00241" HPOS="340" VPOS="4838" WIDTH="57"/>
						<String ID="P1_ST00306" HPOS="397" VPOS="4789" WIDTH="85" HEIGHT="38" CONTENT="and" WC="0.91" CC="986"/>
						<SP ID="P1_SP00242" HPOS="482" VPOS="4838" WIDTH="33"/>
						<String ID="P1_ST00307" HPOS="515" VPOS="4784" WIDTH="268" HEIGHT="43" CONTENT="instructive" WC="0.99" CC="77362830454"/>
						<SP ID="P1_SP00243" HPOS="783" VPOS="4838" WIDTH="60"/>
						<String ID="P1_ST00308" HPOS="843" VPOS="4786" WIDTH="93" HEIGHT="41" CONTENT="talk" WC="0.97" CC="0067"/>
					</TextLine>
					<TextLine ID="P1_TL00065" HPOS="69" VPOS="4844" WIDTH="867" HEIGHT="52">
						<String ID="P1_ST00309" HPOS="69" VPOS="4861" WIDTH="58" HEIGHT="27" CONTENT="on" WC="0.56" CC="52"/>
						<SP ID="P1_SP00244" HPOS="128" VPOS="4888" WIDTH="38"/>
						<String ID="P1_ST00310" HPOS="165" VPOS="4844" WIDTH="72" HEIGHT="41" CONTENT="the" WC="0.96" CC="090"/>
						<SP ID="P1_SP00245" HPOS="238" VPOS="4888" WIDTH="38"/>
						<String ID="P1_ST00311" HPOS="276" VPOS="4844" WIDTH="156" HEIGHT="52" CONTENT="design" WC="0.97" CC="604097"/>
						<SP ID="P1_SP00246" HPOS="431" VPOS="4896" WIDTH="39"/>
						<String ID="P1_ST00312" HPOS="471" VPOS="4846" WIDTH="46" HEIGHT="38" CONTENT="of" WC="0.64" CC="60"/>
						<SP ID="P1_SP00247" HPOS="517" VPOS="4896" WIDTH="35"/>
						<String ID="P1_ST00313" HPOS="551" VPOS="4844" WIDTH="197" HEIGHT="41" CONTENT="efficient" WC="0.99" CC="300078080"/>
						<SP ID="P1_SP00248" HPOS="748" VPOS="4896" WIDTH="35"/>
						<String ID="P1_ST00314" HPOS="783" VPOS="4852" WIDTH="153" HEIGHT="43" CONTENT="rotary" WC="0.97" CC="503837"/>
					</TextLine>
					<TextLine ID="P1_TL00066" HPOS="69" VPOS="4899" WIDTH="865" HEIGHT="55">
						<String ID="P1_ST00315" HPOS="69" VPOS="4904" WIDTH="134" HEIGHT="49" CONTENT="spark" WC="0.99" CC="00060"/>
						<SP ID="P1_SP00249" HPOS="203" VPOS="4953" WIDTH="35"/>
						<String ID="P1_ST00316" HPOS="238" VPOS="4915" WIDTH="87" HEIGHT="39" CONTENT="gap" WC="0.96" CC="910"/>
						<SP ID="P1_SP00250" HPOS="324" VPOS="4954" WIDTH="36"/>
						<String ID="P1_ST00317" HPOS="361" VPOS="4902" WIDTH="145" HEIGHT="50" CONTENT="plugs." WC="0.98" CC="006930"/>
						<SP ID="P1_SP00251" HPOS="506" VPOS="4954" WIDTH="68"/>
						<String ID="P1_ST00318" HPOS="573" VPOS="4901" WIDTH="83" HEIGHT="39" CONTENT="His" WC="0.95" CC="805"/>
						<SP ID="P1_SP00252" HPOS="657" VPOS="4954" WIDTH="60"/>
						<String ID="P1_ST00319" HPOS="717" VPOS="4899" WIDTH="217" HEIGHT="41" CONTENT="audience" WC="0.98" CC="58470870"/>
					</TextLine>
					<TextLine ID="P1_TL00067" HPOS="68" VPOS="4959" WIDTH="865" HEIGHT="50">
						<String ID="P1_ST00320" HPOS="68" VPOS="4973" WIDTH="93" HEIGHT="27" CONTENT="was" WC="1.00" CC="000"/>
						<SP ID="P1_SP00253" HPOS="161" VPOS="5000" WIDTH="38"/>
						<String ID="P1_ST00321" HPOS="198" VPOS="4959" WIDTH="317" HEIGHT="50" CONTENT="appreciative," WC="1.00" CC="1503042200100"/>
						<SP ID="P1_SP00254" HPOS="515" VPOS="5009" WIDTH="39"/>
						<String ID="P1_ST00322" HPOS="554" VPOS="4961" WIDTH="85" HEIGHT="39" CONTENT="and" WC="0.95" CC="615"/>
						<SP ID="P1_SP00255" HPOS="639" VPOS="5009" WIDTH="41"/>
						<String ID="P1_ST00323" HPOS="680" VPOS="4959" WIDTH="252" HEIGHT="50" CONTENT="applauded" WC="0.97" CC="409868979"/>
					</TextLine>
					<TextLine ID="P1_TL00068" HPOS="68" VPOS="5014" WIDTH="866" HEIGHT="54">
						<String ID="P1_ST00324" HPOS="68" VPOS="5016" WIDTH="145" HEIGHT="52" CONTENT="loudly" WC="0.97" CC="703869"/>
						<String ID="P1_ST00325" HPOS="214" VPOS="5031" WIDTH="8" HEIGHT="11" CONTENT="7" STYLE="superscript" WC="0.82" CC="1"/>
						<SP ID="P1_SP00256" HPOS="222" VPOS="5068" WIDTH="43"/>
						<String ID="P1_ST00326" HPOS="265" VPOS="5025" WIDTH="46" HEIGHT="35" CONTENT="at" WC="0.60" CC="70"/>
						<SP ID="P1_SP00257" HPOS="310" VPOS="5068" WIDTH="43"/>
						<String ID="P1_ST00327" HPOS="353" VPOS="5016" WIDTH="76" HEIGHT="41" CONTENT="the" WC="0.95" CC="155"/>
						<SP ID="P1_SP00258" HPOS="428" VPOS="5068" WIDTH="44"/>
						<String ID="P1_ST00328" HPOS="472" VPOS="5014" WIDTH="260" HEIGHT="41" CONTENT="conclusion" WC="0.98" CC="7480477468"/>
						<SP ID="P1_SP00259" HPOS="732" VPOS="5068" WIDTH="43"/>
						<String ID="P1_ST00329" HPOS="775" VPOS="5014" WIDTH="47" HEIGHT="39" CONTENT="of" WC="0.47" CC="73"/>
						<SP ID="P1_SP00260" HPOS="822" VPOS="5068" WIDTH="41"/>
						<String ID="P1_ST00330" HPOS="863" VPOS="5014" WIDTH="71" HEIGHT="39" CONTENT="his" WC="0.92" CC="956"/>
					</TextLine>
					<TextLine ID="P1_TL00069" HPOS="65" VPOS="5072" WIDTH="106" HEIGHT="38">
						<String ID="P1_ST00331" HPOS="65" VPOS="5072" WIDTH="106" HEIGHT="38" CONTENT="talk." WC="0.97" CC="09550"/>
					</TextLine>
				</TextBlock>
				<TextBlock ID="P1_TB00013" HPOS="54" VPOS="5139" WIDTH="877" HEIGHT="794" language="en" STYLEREFS="TXT_1 PAR_BLOCK">
					<TextLine ID="P1_TL00070" HPOS="124" VPOS="5140" WIDTH="807" HEIGHT="52">
						<String ID="P1_ST00332" HPOS="124" VPOS="5140" WIDTH="47" HEIGHT="39" CONTENT="In" WC="0.56" CC="53"/>
						<SP ID="P1_SP00261" HPOS="172" VPOS="5180" WIDTH="30"/>
						<String ID="P1_ST00333" HPOS="202" VPOS="5142" WIDTH="181" HEIGHT="50" CONTENT="leading" WC="0.98" CC="4004089"/>
						<SP ID="P1_SP00262" HPOS="383" VPOS="5192" WIDTH="27"/>
						<String ID="P1_ST00334" HPOS="409" VPOS="5156" WIDTH="57" HEIGHT="36" CONTENT="up" WC="0.64" CC="70"/>
						<SP ID="P1_SP00263" HPOS="466" VPOS="5192" WIDTH="28"/>
						<String ID="P1_ST00335" HPOS="494" VPOS="5148" WIDTH="46" HEIGHT="33" CONTENT="to" WC="1.00" CC="00"/>
						<SP ID="P1_SP00264" HPOS="540" VPOS="5192" WIDTH="27"/>
						<String ID="P1_ST00336" HPOS="567" VPOS="5140" WIDTH="68" HEIGHT="41" CONTENT="his" WC="0.96" CC="820"/>
						<SP ID="P1_SP00265" HPOS="635" VPOS="5192" WIDTH="28"/>
						<String ID="P1_ST00337" HPOS="663" VPOS="5140" WIDTH="118" HEIGHT="41" CONTENT="main" WC="0.94" CC="5578"/>
						<SP ID="P1_SP00266" HPOS="781" VPOS="5192" WIDTH="30"/>
						<String ID="P1_ST00338" HPOS="811" VPOS="5140" WIDTH="120" HEIGHT="49" CONTENT="topic" WC="0.97" CC="01976"/>
					</TextLine>
					<TextLine ID="P1_TL00071" HPOS="65" VPOS="5198" WIDTH="866" HEIGHT="53">
						<String ID="P1_ST00339" HPOS="65" VPOS="5200" WIDTH="54" HEIGHT="39" CONTENT="he" WC="0.94" CC="10"/>
						<SP ID="P1_SP00267" HPOS="118" VPOS="5239" WIDTH="35"/>
						<String ID="P1_ST00340" HPOS="153" VPOS="5213" WIDTH="113" HEIGHT="38" CONTENT="gave" WC="0.95" CC="9960"/>
						<SP ID="P1_SP00268" HPOS="266" VPOS="5250" WIDTH="36"/>
						<String ID="P1_ST00341" HPOS="302" VPOS="5216" WIDTH="22" HEIGHT="24" CONTENT="a" WC="0.57" CC="4"/>
						<SP ID="P1_SP00269" HPOS="324" VPOS="5250" WIDTH="38"/>
						<String ID="P1_ST00342" HPOS="362" VPOS="5198" WIDTH="126" HEIGHT="43" CONTENT="short" WC="0.98" CC="47004"/>
						<SP ID="P1_SP00270" HPOS="488" VPOS="5250" WIDTH="36"/>
						<String ID="P1_ST00343" HPOS="524" VPOS="5198" WIDTH="231" HEIGHT="46" CONTENT="summing" WC="0.98" CC="0800079"/>
						<SP ID="P1_SP00271" HPOS="756" VPOS="5250" WIDTH="36"/>
						<String ID="P1_ST00344" HPOS="792" VPOS="5209" WIDTH="57" HEIGHT="38" CONTENT="up" WC="0.10" CC="89"/>
						<SP ID="P1_SP00272" HPOS="849" VPOS="5250" WIDTH="38"/>
						<String ID="P1_ST00345" HPOS="887" VPOS="5198" WIDTH="44" HEIGHT="38" CONTENT="of" WC="0.68" CC="06"/>
					</TextLine>
					<TextLine ID="P1_TL00072" HPOS="63" VPOS="5254" WIDTH="867" HEIGHT="52">
						<String ID="P1_ST00346" HPOS="63" VPOS="5255" WIDTH="74" HEIGHT="41" CONTENT="the" WC="0.98" CC="230"/>
						<SP ID="P1_SP00273" HPOS="137" VPOS="5296" WIDTH="65"/>
						<String ID="P1_ST00347" HPOS="202" VPOS="5255" WIDTH="227" HEIGHT="41" CONTENT="functions" WC="0.99" CC="185002072"/>
						<SP ID="P1_SP00274" HPOS="428" VPOS="5296" WIDTH="35"/>
						<String ID="P1_ST00348" HPOS="463" VPOS="5254" WIDTH="46" HEIGHT="43" CONTENT="of" WC="0.75" CC="05"/>
						<SP ID="P1_SP00275" HPOS="509" VPOS="5296" WIDTH="60"/>
						<String ID="P1_ST00349" HPOS="569" VPOS="5254" WIDTH="76" HEIGHT="41" CONTENT="the" WC="0.98" CC="050"/>
						<SP ID="P1_SP00276" HPOS="644" VPOS="5296" WIDTH="33"/>
						<String ID="P1_ST00350" HPOS="677" VPOS="5268" WIDTH="90" HEIGHT="38" CONTENT="gap" WC="0.97" CC="700"/>
						<SP ID="P1_SP00277" HPOS="767" VPOS="5306" WIDTH="35"/>
						<String ID="P1_ST00351" HPOS="802" VPOS="5254" WIDTH="43" HEIGHT="41" CONTENT="in" WC="0.24" CC="77"/>
						<SP ID="P1_SP00278" HPOS="844" VPOS="5306" WIDTH="61"/>
						<String ID="P1_ST00352" HPOS="906" VPOS="5268" WIDTH="24" HEIGHT="25" CONTENT="a" WC="0.28" CC="7"/>
					</TextLine>
					<TextLine ID="P1_TL00073" HPOS="61" VPOS="5312" WIDTH="867" HEIGHT="50">
						<String ID="P1_ST00353" HPOS="61" VPOS="5313" WIDTH="315" HEIGHT="49" CONTENT="transmitting" WC="0.99" CC="303700000649"/>
						<SP ID="P1_SP00279" HPOS="376" VPOS="5362" WIDTH="27"/>
						<String ID="P1_ST00354" HPOS="403" VPOS="5320" WIDTH="80" HEIGHT="38" CONTENT="set," WC="0.99" CC="0200"/>
						<SP ID="P1_SP00280" HPOS="483" VPOS="5362" WIDTH="30"/>
						<String ID="P1_ST00355" HPOS="513" VPOS="5312" WIDTH="209" HEIGHT="49" CONTENT="showing" WC="0.98" CC="0518609"/>
						<SP ID="P1_SP00281" HPOS="723" VPOS="5362" WIDTH="28"/>
						<String ID="P1_ST00356" HPOS="751" VPOS="5312" WIDTH="74" HEIGHT="41" CONTENT="the" WC="0.96" CC="072"/>
						<SP ID="P1_SP00282" HPOS="825" VPOS="5362" WIDTH="30"/>
						<String ID="P1_ST00357" HPOS="855" VPOS="5312" WIDTH="49" HEIGHT="39" CONTENT="ad" SUBS_TYPE="HypPart1" SUBS_CONTENT="advantages" WC="0.96" CC="63"/>
						<HYP HPOS="904" VPOS="5312" WIDTH="24" CONTENT="-"/>
					</TextLine>
					<TextLine ID="P1_TL00074" HPOS="60" VPOS="5369" WIDTH="869" HEIGHT="54">
						<String ID="P1_ST00358" HPOS="60" VPOS="5376" WIDTH="220" HEIGHT="46" CONTENT="vantages" SUBS_TYPE="HypPart2" SUBS_CONTENT="advantages" WC="0.99" CC="03200920"/>
						<SP ID="P1_SP00283" HPOS="280" VPOS="5422" WIDTH="63"/>
						<String ID="P1_ST00359" HPOS="343" VPOS="5370" WIDTH="85" HEIGHT="39" CONTENT="and" WC="0.96" CC="352"/>
						<SP ID="P1_SP00284" HPOS="428" VPOS="5422" WIDTH="38"/>
						<String ID="P1_ST00360" HPOS="466" VPOS="5369" WIDTH="353" HEIGHT="50" CONTENT="disadvantages" WC="0.99" CC="8302709736904"/>
						<SP ID="P1_SP00285" HPOS="819" VPOS="5422" WIDTH="63"/>
						<String ID="P1_ST00361" HPOS="882" VPOS="5369" WIDTH="47" HEIGHT="39" CONTENT="of" WC="0.76" CC="40"/>
					</TextLine>
					<TextLine ID="P1_TL00075" HPOS="58" VPOS="5427" WIDTH="592" HEIGHT="51">
						<String ID="P1_ST00362" HPOS="58" VPOS="5430" WIDTH="110" HEIGHT="39" CONTENT="each" WC="0.97" CC="5604"/>
						<SP ID="P1_SP00286" HPOS="169" VPOS="5469" WIDTH="28"/>
						<String ID="P1_ST00363" HPOS="197" VPOS="5427" WIDTH="47" HEIGHT="41" CONTENT="of" WC="0.51" CC="54"/>
						<SP ID="P1_SP00287" HPOS="244" VPOS="5469" WIDTH="28"/>
						<String ID="P1_ST00364" HPOS="272" VPOS="5427" WIDTH="76" HEIGHT="41" CONTENT="the" WC="0.97" CC="222"/>
						<SP ID="P1_SP00288" HPOS="348" VPOS="5469" WIDTH="30"/>
						<String ID="P1_ST00365" HPOS="378" VPOS="5427" WIDTH="99" HEIGHT="43" CONTENT="four" WC="0.98" CC="6020"/>
						<SP ID="P1_SP00289" HPOS="477" VPOS="5469" WIDTH="30"/>
						<String ID="P1_ST00366" HPOS="507" VPOS="5435" WIDTH="143" HEIGHT="43" CONTENT="types." WC="0.99" CC="600220"/>
					</TextLine>
					<TextLine ID="P1_TL00076" HPOS="118" VPOS="5482" WIDTH="806" HEIGHT="44">
						<String ID="P1_ST00367" HPOS="118" VPOS="5485" WIDTH="120" HEIGHT="39" CONTENT="Next" WC="0.96" CC="5554"/>
						<SP ID="P1_SP00290" HPOS="238" VPOS="5524" WIDTH="27"/>
						<String ID="P1_ST00368" HPOS="265" VPOS="5485" WIDTH="124" HEIGHT="39" CONTENT="week" WC="1.00" CC="0000"/>
						<SP ID="P1_SP00291" HPOS="389" VPOS="5524" WIDTH="28"/>
						<String ID="P1_ST00369" HPOS="417" VPOS="5483" WIDTH="74" HEIGHT="43" CONTENT="the" WC="0.97" CC="071"/>
						<SP ID="P1_SP00292" HPOS="491" VPOS="5526" WIDTH="28"/>
						<String ID="P1_ST00370" HPOS="520" VPOS="5483" WIDTH="145" HEIGHT="39" CONTENT="Radio" WC="0.97" CC="09207"/>
						<SP ID="P1_SP00293" HPOS="665" VPOS="5526" WIDTH="28"/>
						<String ID="P1_ST00371" HPOS="693" VPOS="5483" WIDTH="113" HEIGHT="39" CONTENT="Club" WC="0.95" CC="0686"/>
						<SP ID="P1_SP00294" HPOS="806" VPOS="5526" WIDTH="30"/>
						<String ID="P1_ST00372" HPOS="836" VPOS="5482" WIDTH="88" HEIGHT="41" CONTENT="will" WC="0.95" CC="4676"/>
					</TextLine>
					<TextLine ID="P1_TL00077" HPOS="58" VPOS="5540" WIDTH="867" HEIGHT="52">
						<String ID="P1_ST00373" HPOS="58" VPOS="5542" WIDTH="134" HEIGHT="50" CONTENT="begin" WC="0.98" CC="00915"/>
						<SP ID="P1_SP00295" HPOS="192" VPOS="5592" WIDTH="63"/>
						<String ID="P1_ST00374" HPOS="255" VPOS="5542" WIDTH="76" HEIGHT="41" CONTENT="the" WC="0.97" CC="053"/>
						<SP ID="P1_SP00296" HPOS="331" VPOS="5592" WIDTH="65"/>
						<String ID="P1_ST00375" HPOS="395" VPOS="5540" WIDTH="279" HEIGHT="41" CONTENT="installation" WC="0.99" CC="470033400005"/>
						<SP ID="P1_SP00297" HPOS="674" VPOS="5592" WIDTH="66"/>
						<String ID="P1_ST00376" HPOS="740" VPOS="5540" WIDTH="46" HEIGHT="38" CONTENT="of" WC="0.17" CC="96"/>
						<SP ID="P1_SP00298" HPOS="786" VPOS="5592" WIDTH="63"/>
						<String ID="P1_ST00377" HPOS="849" VPOS="5540" WIDTH="76" HEIGHT="39" CONTENT="the" WC="0.94" CC="168"/>
					</TextLine>
					<TextLine ID="P1_TL00078" HPOS="57" VPOS="5595" WIDTH="868" HEIGHT="56">
						<String ID="P1_ST00378" HPOS="57" VPOS="5605" WIDTH="150" HEIGHT="38" CONTENT="motor" WC="0.98" CC="74140"/>
						<SP ID="P1_SP00299" HPOS="206" VPOS="5643" WIDTH="30"/>
						<String ID="P1_ST00379" HPOS="236" VPOS="5605" WIDTH="239" HEIGHT="46" CONTENT="generator" WC="0.99" CC="908023000"/>
						<SP ID="P1_SP00300" HPOS="476" VPOS="5650" WIDTH="31"/>
						<String ID="P1_ST00380" HPOS="507" VPOS="5598" WIDTH="99" HEIGHT="39" CONTENT="unit" WC="0.94" CC="8676"/>
						<SP ID="P1_SP00301" HPOS="606" VPOS="5650" WIDTH="31"/>
						<String ID="P1_ST00381" HPOS="638" VPOS="5597" WIDTH="69" HEIGHT="41" CONTENT="for" WC="0.96" CC="603"/>
						<SP ID="P1_SP00302" HPOS="707" VPOS="5650" WIDTH="31"/>
						<String ID="P1_ST00382" HPOS="739" VPOS="5597" WIDTH="17" HEIGHT="39" CONTENT="T" WC="0.19" CC="8"/>
						<SP ID="P1_SP00303" HPOS="756" VPOS="5650" WIDTH="36"/>
						<String ID="P1_ST00383" HPOS="792" VPOS="5595" WIDTH="41" HEIGHT="41" CONTENT="K" WC="1.00" CC="0"/>
						<SP ID="P1_SP00304" HPOS="833" VPOS="5650" WIDTH="31"/>
						<String ID="P1_ST00384" HPOS="865" VPOS="5595" WIDTH="60" HEIGHT="41" CONTENT="W" WC="0.78" CC="2"/>
					</TextLine>
					<TextLine ID="P1_TL00079" HPOS="55" VPOS="5654" WIDTH="866" HEIGHT="54">
						<String ID="P1_ST00385" HPOS="55" VPOS="5655" WIDTH="315" HEIGHT="52" CONTENT="transmitting" WC="0.99" CC="004200520679"/>
						<SP ID="P1_SP00305" HPOS="370" VPOS="5707" WIDTH="43"/>
						<String ID="P1_ST00386" HPOS="413" VPOS="5663" WIDTH="80" HEIGHT="33" CONTENT="set." WC="0.98" CC="0360"/>
						<SP ID="P1_SP00306" HPOS="493" VPOS="5707" WIDTH="72"/>
						<String ID="P1_ST00387" HPOS="565" VPOS="5654" WIDTH="112" HEIGHT="43" CONTENT="This" WC="0.99" CC="0040"/>
						<SP ID="P1_SP00307" HPOS="677" VPOS="5707" WIDTH="46"/>
						<String ID="P1_ST00388" HPOS="723" VPOS="5661" WIDTH="66" HEIGHT="33" CONTENT="set" WC="0.94" CC="970"/>
						<SP ID="P1_SP00308" HPOS="789" VPOS="5707" WIDTH="43"/>
						<String ID="P1_ST00389" HPOS="831" VPOS="5654" WIDTH="90" HEIGHT="41" CONTENT="will" WC="0.97" CC="4740"/>
					</TextLine>
					<TextLine ID="P1_TL00080" HPOS="55" VPOS="5712" WIDTH="867" HEIGHT="50">
						<String ID="P1_ST00390" HPOS="55" VPOS="5713" WIDTH="113" HEIGHT="43" CONTENT="have" WC="0.97" CC="4340"/>
						<SP ID="P1_SP00309" HPOS="169" VPOS="5756" WIDTH="33"/>
						<String ID="P1_ST00391" HPOS="202" VPOS="5731" WIDTH="24" HEIGHT="27" CONTENT="a" WC="0.78" CC="2"/>
						<SP ID="P1_SP00310" HPOS="225" VPOS="5757" WIDTH="58"/>
						<String ID="P1_ST00392" HPOS="283" VPOS="5726" WIDTH="139" HEIGHT="36" CONTENT="range" WC="0.96" CC="45690"/>
						<SP ID="P1_SP00311" HPOS="422" VPOS="5762" WIDTH="33"/>
						<String ID="P1_ST00393" HPOS="455" VPOS="5713" WIDTH="46" HEIGHT="41" CONTENT="of" WC="0.76" CC="03"/>
						<SP ID="P1_SP00312" HPOS="501" VPOS="5762" WIDTH="60"/>
						<String ID="P1_ST00394" HPOS="561" VPOS="5712" WIDTH="361" HEIGHT="50" CONTENT="approximately" WC="0.99" CC="0800055022056"/>
					</TextLine>
					<TextLine ID="P1_TL00081" HPOS="55" VPOS="5769" WIDTH="865" HEIGHT="50">
						<String ID="P1_ST00395" HPOS="55" VPOS="5772" WIDTH="79" HEIGHT="41" CONTENT="300" WC="0.49" CC="455"/>
						<SP ID="P1_SP00313" HPOS="134" VPOS="5813" WIDTH="35"/>
						<String ID="P1_ST00396" HPOS="169" VPOS="5772" WIDTH="139" HEIGHT="47" CONTENT="miles," WC="0.99" CC="036300"/>
						<SP ID="P1_SP00314" HPOS="307" VPOS="5819" WIDTH="38"/>
						<String ID="P1_ST00397" HPOS="345" VPOS="5770" WIDTH="145" HEIGHT="39" CONTENT="which" WC="0.99" CC="00006"/>
						<SP ID="P1_SP00315" HPOS="490" VPOS="5819" WIDTH="35"/>
						<String ID="P1_ST00398" HPOS="524" VPOS="5769" WIDTH="93" HEIGHT="43" CONTENT="will" WC="0.98" CC="0603"/>
						<SP ID="P1_SP00316" HPOS="617" VPOS="5819" WIDTH="36"/>
						<String ID="P1_ST00399" HPOS="654" VPOS="5769" WIDTH="156" HEIGHT="41" CONTENT="enable" WC="0.99" CC="000431"/>
						<SP ID="P1_SP00317" HPOS="809" VPOS="5819" WIDTH="36"/>
						<String ID="P1_ST00400" HPOS="846" VPOS="5769" WIDTH="74" HEIGHT="41" CONTENT="the" WC="0.98" CC="050"/>
					</TextLine>
					<TextLine ID="P1_TL00082" HPOS="55" VPOS="5825" WIDTH="865" HEIGHT="54">
						<String ID="P1_ST00401" HPOS="55" VPOS="5830" WIDTH="101" HEIGHT="41" CONTENT="club" WC="0.96" CC="0666"/>
						<SP ID="P1_SP00318" HPOS="156" VPOS="5871" WIDTH="38"/>
						<String ID="P1_ST00402" HPOS="194" VPOS="5836" WIDTH="47" HEIGHT="35" CONTENT="to" WC="0.71" CC="05"/>
						<SP ID="P1_SP00319" HPOS="241" VPOS="5871" WIDTH="61"/>
						<String ID="P1_ST00403" HPOS="302" VPOS="5836" WIDTH="76" HEIGHT="43" CONTENT="get" WC="0.93" CC="972"/>
						<SP ID="P1_SP00320" HPOS="378" VPOS="5879" WIDTH="36"/>
						<String ID="P1_ST00404" HPOS="414" VPOS="5828" WIDTH="43" HEIGHT="39" CONTENT="in" WC="0.67" CC="60"/>
						<SP ID="P1_SP00321" HPOS="457" VPOS="5879" WIDTH="38"/>
						<String ID="P1_ST00405" HPOS="494" VPOS="5827" WIDTH="135" HEIGHT="41" CONTENT="touch" WC="0.98" CC="30506"/>
						<SP ID="P1_SP00322" HPOS="630" VPOS="5879" WIDTH="68"/>
						<String ID="P1_ST00406" HPOS="698" VPOS="5825" WIDTH="109" HEIGHT="41" CONTENT="with" WC="0.97" CC="0407"/>
						<SP ID="P1_SP00323" HPOS="806" VPOS="5879" WIDTH="39"/>
						<String ID="P1_ST00407" HPOS="846" VPOS="5827" WIDTH="74" HEIGHT="39" CONTENT="the" WC="0.97" CC="025"/>
					</TextLine>
					<TextLine ID="P1_TL00083" HPOS="55" VPOS="5880" WIDTH="595" HEIGHT="52">
						<String ID="P1_ST00408" HPOS="55" VPOS="5887" WIDTH="126" HEIGHT="43" CONTENT="clubs" WC="0.97" CC="03766"/>
						<SP ID="P1_SP00324" HPOS="181" VPOS="5929" WIDTH="28"/>
						<String ID="P1_ST00409" HPOS="209" VPOS="5880" WIDTH="54" HEIGHT="47" CONTENT="of" WC="0.59" CC="08"/>
						<SP ID="P1_SP00325" HPOS="263" VPOS="5929" WIDTH="20"/>
						<String ID="P1_ST00410" HPOS="283" VPOS="5885" WIDTH="129" HEIGHT="41" CONTENT="other" WC="0.97" CC="38700"/>
						<SP ID="P1_SP00326" HPOS="413" VPOS="5929" WIDTH="28"/>
						<String ID="P1_ST00411" HPOS="441" VPOS="5885" WIDTH="209" HEIGHT="47" CONTENT="colleges." WC="0.99" CC="002209060"/>
					</TextLine>
				</TextBlock>
				<TextBlock ID="P1_TB00014" HPOS="1002" VPOS="746" WIDTH="868" HEIGHT="319" language="en" STYLEREFS="TXT_5 PAR_LEFT">
					<TextLine ID="P1_TL00084" HPOS="1002" VPOS="748" WIDTH="559" HEIGHT="81">
						<String ID="P1_ST00412" HPOS="1002" VPOS="748" WIDTH="197" HEIGHT="77" CONTENT="Brown" WC="0.96" CC="47838"/>
						<SP ID="P1_SP00327" HPOS="1198" VPOS="825" WIDTH="39"/>
						<String ID="P1_ST00413" HPOS="1238" VPOS="748" WIDTH="123" HEIGHT="79" CONTENT="Men" WC="0.97" CC="006"/>
						<SP ID="P1_SP00328" HPOS="1361" VPOS="827" WIDTH="36"/>
						<String ID="P1_ST00414" HPOS="1397" VPOS="750" WIDTH="164" HEIGHT="79" CONTENT="Enter" WC="0.97" CC="47450"/>
					</TextLine>
					<TextLine ID="P1_TL00085" HPOS="1186" VPOS="860" WIDTH="507" HEIGHT="80">
						<String ID="P1_ST00415" HPOS="1186" VPOS="860" WIDTH="156" HEIGHT="79" CONTENT="Local" WC="0.97" CC="35750"/>
						<SP ID="P1_SP00329" HPOS="1342" VPOS="939" WIDTH="36"/>
						<String ID="P1_ST00416" HPOS="1378" VPOS="861" WIDTH="161" HEIGHT="79" CONTENT="Xmas" WC="0.97" CC="0660"/>
						<SP ID="P1_SP00330" HPOS="1539" VPOS="940" WIDTH="36"/>
						<String ID="P1_ST00417" HPOS="1575" VPOS="861" WIDTH="118" HEIGHT="79" CONTENT="Seal" WC="0.99" CC="0103"/>
					</TextLine>
					<TextLine ID="P1_TL00086" HPOS="1369" VPOS="972" WIDTH="501" HEIGHT="93">
						<String ID="P1_ST00418" HPOS="1369" VPOS="972" WIDTH="285" HEIGHT="93" CONTENT="Campaign" WC="0.99" CC="70350245"/>
						<SP ID="P1_SP00331" HPOS="1654" VPOS="1065" WIDTH="36"/>
						<String ID="P1_ST00419" HPOS="1690" VPOS="975" WIDTH="180" HEIGHT="77" CONTENT="Effort" WC="0.98" CC="176405"/>
					</TextLine>
				</TextBlock>
				<TextBlock ID="P1_TB00015" HPOS="1000" VPOS="1140" WIDTH="865" HEIGHT="112" language="en" STYLEREFS="TXT_4 PAR_LEFT">
					<TextLine ID="P1_TL00087" HPOS="1002" VPOS="1142" WIDTH="863" HEIGHT="46">
						<String ID="P1_ST00420" HPOS="1002" VPOS="1142" WIDTH="291" HEIGHT="41" CONTENT="SECURED" WC="1.00" CC="0000000"/>
						<SP ID="P1_SP00332" HPOS="1293" VPOS="1183" WIDTH="83"/>
						<String ID="P1_ST00421" HPOS="1376" VPOS="1145" WIDTH="74" HEIGHT="39" CONTENT="AS" WC="1.00" CC="00"/>
						<SP ID="P1_SP00333" HPOS="1450" VPOS="1184" WIDTH="90"/>
						<String ID="P1_ST00422" HPOS="1540" VPOS="1145" WIDTH="324" HEIGHT="43" CONTENT="SPEAKERS" WC="1.00" CC="00000000"/>
					</TextLine>
					<TextLine ID="P1_TL00088" HPOS="1151" VPOS="1211" WIDTH="559" HEIGHT="41">
						<String ID="P1_ST00423" HPOS="1151" VPOS="1211" WIDTH="126" HEIGHT="41" CONTENT="FOR" WC="0.99" CC="200"/>
						<SP ID="P1_SP00334" HPOS="1277" VPOS="1252" WIDTH="27"/>
						<String ID="P1_ST00424" HPOS="1304" VPOS="1213" WIDTH="175" HEIGHT="39" CONTENT="NEXT" WC="1.00" CC="0020"/>
						<SP ID="P1_SP00335" HPOS="1479" VPOS="1252" WIDTH="25"/>
						<String ID="P1_ST00425" HPOS="1504" VPOS="1214" WIDTH="206" HEIGHT="38" CONTENT="WEEK." WC="1.00" CC="00002"/>
					</TextLine>
				</TextBlock>
				<TextBlock ID="P1_TB00016" HPOS="998" VPOS="1346" WIDTH="866" HEIGHT="189" language="en" STYLEREFS="TXT_4 PAR_LEFT">
					<TextLine ID="P1_TL00089" HPOS="998" VPOS="1348" WIDTH="866" HEIGHT="50">
						<String ID="P1_ST00426" HPOS="998" VPOS="1348" WIDTH="113" HEIGHT="41" CONTENT="War" WC="0.97" CC="007"/>
						<SP ID="P1_SP00336" HPOS="1112" VPOS="1389" WIDTH="65"/>
						<String ID="P1_ST00427" HPOS="1176" VPOS="1348" WIDTH="195" HEIGHT="50" CONTENT="Against" WC="0.99" CC="0053000"/>
						<SP ID="P1_SP00337" HPOS="1372" VPOS="1398" WIDTH="66"/>
						<String ID="P1_ST00428" HPOS="1438" VPOS="1348" WIDTH="324" HEIGHT="44" CONTENT="Tuberculosis" WC="1.00" CC="033010300040"/>
						<SP ID="P1_SP00338" HPOS="1762" VPOS="1398" WIDTH="66"/>
						<String ID="P1_ST00429" HPOS="1828" VPOS="1351" WIDTH="36" HEIGHT="39" CONTENT="is" WC="0.88" CC="20"/>
					</TextLine>
					<TextLine ID="P1_TL00090" HPOS="1169" VPOS="1417" WIDTH="529" HEIGHT="52">
						<String ID="P1_ST00430" HPOS="1169" VPOS="1417" WIDTH="206" HEIGHT="52" CONTENT="Purpose" WC="0.99" CC="5070000"/>
						<SP ID="P1_SP00339" HPOS="1375" VPOS="1469" WIDTH="28"/>
						<String ID="P1_ST00431" HPOS="1403" VPOS="1419" WIDTH="47" HEIGHT="41" CONTENT="of" WC="0.38" CC="65"/>
						<SP ID="P1_SP00340" HPOS="1450" VPOS="1469" WIDTH="31"/>
						<String ID="P1_ST00432" HPOS="1482" VPOS="1419" WIDTH="216" HEIGHT="39" CONTENT="National" WC="0.99" CC="00140204"/>
					</TextLine>
					<TextLine ID="P1_TL00091" HPOS="1261" VPOS="1488" WIDTH="342" HEIGHT="47">
						<String ID="P1_ST00433" HPOS="1261" VPOS="1488" WIDTH="342" HEIGHT="47" CONTENT="Organization." WC="1.00" CC="4090006005000"/>
					</TextLine>
				</TextBlock>
				<TextBlock ID="P1_TB00017" HPOS="995" VPOS="1565" WIDTH="870" HEIGHT="903" language="en" STYLEREFS="TXT_1 PAR_BLOCK">
					<TextLine ID="P1_TL00092" HPOS="1054" VPOS="1565" WIDTH="809" HEIGHT="45">
						<String ID="P1_ST00434" HPOS="1054" VPOS="1565" WIDTH="98" HEIGHT="41" CONTENT="The" WC="0.97" CC="007"/>
						<SP ID="P1_SP00341" HPOS="1151" VPOS="1606" WIDTH="30"/>
						<String ID="P1_ST00435" HPOS="1181" VPOS="1567" WIDTH="214" HEIGHT="41" CONTENT="National" WC="0.99" CC="94020620"/>
						<SP ID="P1_SP00342" HPOS="1395" VPOS="1608" WIDTH="31"/>
						<String ID="P1_ST00436" HPOS="1427" VPOS="1567" WIDTH="324" HEIGHT="43" CONTENT="Tuberculosis" WC="0.99" CC="640000750007"/>
						<SP ID="P1_SP00343" HPOS="1751" VPOS="1609" WIDTH="35"/>
						<String ID="P1_ST00437" HPOS="1786" VPOS="1569" WIDTH="58" HEIGHT="39" CONTENT=".As" SUBS_TYPE="HypPart1" SUBS_CONTENT=".Association" WC="0.96" CC="386"/>
						<HYP HPOS="1844" VPOS="1569" WIDTH="19" CONTENT="-"/>
					</TextLine>
					<TextLine ID="P1_TL00093" HPOS="998" VPOS="1624" WIDTH="865" HEIGHT="43">
						<String ID="P1_ST00438" HPOS="998" VPOS="1624" WIDTH="220" HEIGHT="41" CONTENT="sociation" SUBS_TYPE="HypPart2" SUBS_CONTENT=".Association" WC="1.00" CC="000600404"/>
						<SP ID="P1_SP00344" HPOS="1219" VPOS="1665" WIDTH="39"/>
						<String ID="P1_ST00439" HPOS="1258" VPOS="1627" WIDTH="88" HEIGHT="38" CONTENT="and" WC="0.99" CC="200"/>
						<SP ID="P1_SP00345" HPOS="1346" VPOS="1665" WIDTH="41"/>
						<String ID="P1_ST00440" HPOS="1387" VPOS="1627" WIDTH="57" HEIGHT="38" CONTENT="its" WC="0.98" CC="600"/>
						<SP ID="P1_SP00346" HPOS="1444" VPOS="1665" WIDTH="41"/>
						<String ID="P1_ST00441" HPOS="1485" VPOS="1625" WIDTH="211" HEIGHT="41" CONTENT="affiliated" WC="0.99" CC="2000106067"/>
						<SP ID="P1_SP00347" HPOS="1696" VPOS="1666" WIDTH="44"/>
						<String ID="P1_ST00442" HPOS="1740" VPOS="1627" WIDTH="123" HEIGHT="39" CONTENT="State" WC="0.97" CC="71572"/>
					</TextLine>
					<TextLine ID="P1_TL00094" HPOS="997" VPOS="1682" WIDTH="868" HEIGHT="50">
						<String ID="P1_ST00443" HPOS="997" VPOS="1682" WIDTH="87" HEIGHT="41" CONTENT="and" WC="0.98" CC="600"/>
						<SP ID="P1_SP00348" HPOS="1083" VPOS="1723" WIDTH="27"/>
						<String ID="P1_ST00444" HPOS="1110" VPOS="1682" WIDTH="112" HEIGHT="41" CONTENT="local" WC="0.99" CC="10205"/>
						<SP ID="P1_SP00349" HPOS="1222" VPOS="1723" WIDTH="25"/>
						<String ID="P1_ST00445" HPOS="1247" VPOS="1682" WIDTH="299" HEIGHT="43" CONTENT="associations" WC="1.00" CC="500006400040"/>
						<SP ID="P1_SP00350" HPOS="1546" VPOS="1724" WIDTH="25"/>
						<String ID="P1_ST00446" HPOS="1572" VPOS="1696" WIDTH="74" HEIGHT="28" CONTENT="are" WC="0.94" CC="860"/>
						<SP ID="P1_SP00351" HPOS="1646" VPOS="1724" WIDTH="25"/>
						<String ID="P1_ST00447" HPOS="1671" VPOS="1683" WIDTH="194" HEIGHT="49" CONTENT="starting" WC="0.98" CC="00565149"/>
					</TextLine>
					<TextLine ID="P1_TL00095" HPOS="1000" VPOS="1739" WIDTH="865" HEIGHT="52">
						<String ID="P1_ST00448" HPOS="1000" VPOS="1751" WIDTH="24" HEIGHT="25" CONTENT="a" WC="0.29" CC="7"/>
						<SP ID="P1_SP00352" HPOS="1024" VPOS="1776" WIDTH="36"/>
						<String ID="P1_ST00449" HPOS="1060" VPOS="1739" WIDTH="238" HEIGHT="52" CONTENT="campaign" WC="0.99" CC="06085006"/>
						<SP ID="P1_SP00353" HPOS="1298" VPOS="1791" WIDTH="36"/>
						<String ID="P1_ST00450" HPOS="1334" VPOS="1740" WIDTH="178" HEIGHT="50" CONTENT="against" WC="0.98" CC="0960600"/>
						<SP ID="P1_SP00354" HPOS="1512" VPOS="1791" WIDTH="38"/>
						<String ID="P1_ST00451" HPOS="1550" VPOS="1740" WIDTH="72" HEIGHT="39" CONTENT="the" WC="0.95" CC="362"/>
						<SP ID="P1_SP00355" HPOS="1622" VPOS="1791" WIDTH="35"/>
						<String ID="P1_ST00452" HPOS="1657" VPOS="1740" WIDTH="183" HEIGHT="39" CONTENT="tubercu" SUBS_TYPE="HypPart1" SUBS_CONTENT="tuberculosis" WC="0.99" CC="4660016"/>
						<HYP HPOS="1839" VPOS="1740" WIDTH="25" CONTENT="-"/>
					</TextLine>
					<TextLine ID="P1_TL00096" HPOS="1002" VPOS="1795" WIDTH="861" HEIGHT="54">
						<String ID="P1_ST00453" HPOS="1002" VPOS="1795" WIDTH="107" HEIGHT="43" CONTENT="losis" SUBS_TYPE="HypPart2" SUBS_CONTENT="tuberculosis" WC="0.99" CC="40040"/>
						<SP ID="P1_SP00356" HPOS="1109" VPOS="1838" WIDTH="47"/>
						<String ID="P1_ST00454" HPOS="1156" VPOS="1797" WIDTH="173" HEIGHT="44" CONTENT="disease" WC="0.99" CC="0500702"/>
						<SP ID="P1_SP00357" HPOS="1329" VPOS="1841" WIDTH="47"/>
						<String ID="P1_ST00455" HPOS="1376" VPOS="1797" WIDTH="146" HEIGHT="39" CONTENT="which" WC="0.99" CC="00540"/>
						<SP ID="P1_SP00358" HPOS="1523" VPOS="1841" WIDTH="47"/>
						<String ID="P1_ST00456" HPOS="1570" VPOS="1798" WIDTH="79" HEIGHT="39" CONTENT="has" WC="0.94" CC="590"/>
						<SP ID="P1_SP00359" HPOS="1649" VPOS="1841" WIDTH="46"/>
						<String ID="P1_ST00457" HPOS="1694" VPOS="1800" WIDTH="169" HEIGHT="49" CONTENT="proved" WC="1.00" CC="030000"/>
					</TextLine>
					<TextLine ID="P1_TL00097" HPOS="997" VPOS="1854" WIDTH="866" HEIGHT="52">
						<String ID="P1_ST00458" HPOS="997" VPOS="1869" WIDTH="24" HEIGHT="27" CONTENT="a" WC="0.67" CC="3"/>
						<SP ID="P1_SP00360" HPOS="1020" VPOS="1896" WIDTH="43"/>
						<String ID="P1_ST00459" HPOS="1063" VPOS="1854" WIDTH="255" HEIGHT="52" CONTENT="dangerous" WC="0.99" CC="086700060"/>
						<SP ID="P1_SP00361" HPOS="1318" VPOS="1906" WIDTH="44"/>
						<String ID="P1_ST00460" HPOS="1362" VPOS="1869" WIDTH="159" HEIGHT="36" CONTENT="enemy" WC="0.98" CC="03507"/>
						<SP ID="P1_SP00362" HPOS="1521" VPOS="1906" WIDTH="43"/>
						<String ID="P1_ST00461" HPOS="1564" VPOS="1854" WIDTH="43" HEIGHT="43" CONTENT="in" WC="0.50" CC="09"/>
						<SP ID="P1_SP00363" HPOS="1606" VPOS="1906" WIDTH="41"/>
						<String ID="P1_ST00462" HPOS="1647" VPOS="1855" WIDTH="76" HEIGHT="41" CONTENT="the" WC="0.99" CC="002"/>
						<SP ID="P1_SP00364" HPOS="1723" VPOS="1906" WIDTH="43"/>
						<String ID="P1_ST00463" HPOS="1765" VPOS="1861" WIDTH="98" HEIGHT="44" CONTENT="past" WC="0.96" CC="4660"/>
					</TextLine>
					<TextLine ID="P1_TL00098" HPOS="997" VPOS="1912" WIDTH="863" HEIGHT="52">
						<String ID="P1_ST00464" HPOS="997" VPOS="1912" WIDTH="85" HEIGHT="39" CONTENT="few" WC="1.00" CC="000"/>
						<SP ID="P1_SP00365" HPOS="1082" VPOS="1951" WIDTH="39"/>
						<String ID="P1_ST00465" HPOS="1121" VPOS="1924" WIDTH="145" HEIGHT="39" CONTENT="years." WC="0.99" CC="009000"/>
						<SP ID="P1_SP00366" HPOS="1266" VPOS="1964" WIDTH="69"/>
						<String ID="P1_ST00466" HPOS="1335" VPOS="1912" WIDTH="110" HEIGHT="43" CONTENT="This" WC="1.00" CC="0200"/>
						<SP ID="P1_SP00367" HPOS="1446" VPOS="1964" WIDTH="43"/>
						<String ID="P1_ST00467" HPOS="1488" VPOS="1924" WIDTH="90" HEIGHT="30" CONTENT="was" WC="0.96" CC="900"/>
						<SP ID="P1_SP00368" HPOS="1578" VPOS="1964" WIDTH="43"/>
						<String ID="P1_ST00468" HPOS="1620" VPOS="1913" WIDTH="157" HEIGHT="39" CONTENT="shown" WC="0.96" CC="66566"/>
						<SP ID="P1_SP00369" HPOS="1778" VPOS="1964" WIDTH="43"/>
						<String ID="P1_ST00469" HPOS="1820" VPOS="1913" WIDTH="39" HEIGHT="38" CONTENT="in" WC="0.40" CC="47"/>
					</TextLine>
					<TextLine ID="P1_TL00099" HPOS="997" VPOS="1965" WIDTH="866" HEIGHT="56">
						<String ID="P1_ST00470" HPOS="997" VPOS="1983" WIDTH="83" HEIGHT="28" CONTENT="one" WC="0.95" CC="750"/>
						<SP ID="P1_SP00370" HPOS="1080" VPOS="2011" WIDTH="175"/>
						<String ID="P1_ST00471" HPOS="1255" VPOS="1969" WIDTH="58" HEIGHT="52" CONTENT="by" WC="0.28" CC="77"/>
						<SP ID="P1_SP00371" HPOS="1313" VPOS="2020" WIDTH="35"/>
						<String ID="P1_ST00472" HPOS="1348" VPOS="1969" WIDTH="72" HEIGHT="41" CONTENT="the" WC="0.98" CC="320"/>
						<SP ID="P1_SP00372" HPOS="1420" VPOS="2020" WIDTH="36"/>
						<String ID="P1_ST00473" HPOS="1457" VPOS="1969" WIDTH="91" HEIGHT="41" CONTENT="fact" WC="0.97" CC="5620"/>
						<SP ID="P1_SP00373" HPOS="1548" VPOS="2020" WIDTH="36"/>
						<String ID="P1_ST00474" HPOS="1584" VPOS="1965" WIDTH="96" HEIGHT="44" CONTENT="that" WC="0.97" CC="0760"/>
						<SP ID="P1_SP00374" HPOS="1680" VPOS="2020" WIDTH="35"/>
						<String ID="P1_ST00475" HPOS="1715" VPOS="1970" WIDTH="148" HEIGHT="39" CONTENT="67.882" WC="0.47" CC="780365"/>
					</TextLine>
					<TextLine ID="P1_TL00100" HPOS="995" VPOS="2027" WIDTH="868" HEIGHT="49">
						<String ID="P1_ST00476" HPOS="995" VPOS="2027" WIDTH="243" HEIGHT="41" CONTENT="American" WC="0.99" CC="07000156"/>
						<SP ID="P1_SP00375" HPOS="1238" VPOS="2068" WIDTH="69"/>
						<String ID="P1_ST00477" HPOS="1307" VPOS="2027" WIDTH="202" HEIGHT="49" CONTENT="soldiers," WC="1.00" CC="006020300"/>
						<SP ID="P1_SP00376" HPOS="1509" VPOS="2076" WIDTH="41"/>
						<String ID="P1_ST00478" HPOS="1550" VPOS="2027" WIDTH="159" HEIGHT="43" CONTENT="sailors" WC="0.99" CC="0601000"/>
						<SP ID="P1_SP00377" HPOS="1709" VPOS="2076" WIDTH="68"/>
						<String ID="P1_ST00479" HPOS="1776" VPOS="2028" WIDTH="87" HEIGHT="39" CONTENT="and" WC="0.94" CC="960"/>
					</TextLine>
					<TextLine ID="P1_TL00101" HPOS="997" VPOS="2083" WIDTH="865" HEIGHT="43">
						<String ID="P1_ST00480" HPOS="997" VPOS="2083" WIDTH="195" HEIGHT="43" CONTENT="marines" WC="0.98" CC="0604850"/>
						<SP ID="P1_SP00378" HPOS="1192" VPOS="2126" WIDTH="30"/>
						<String ID="P1_ST00481" HPOS="1222" VPOS="2099" WIDTH="117" HEIGHT="25" CONTENT="were" WC="0.97" CC="9300"/>
						<SP ID="P1_SP00379" HPOS="1339" VPOS="2126" WIDTH="33"/>
						<String ID="P1_ST00482" HPOS="1372" VPOS="2083" WIDTH="134" HEIGHT="43" CONTENT="killed" WC="0.99" CC="100250"/>
						<SP ID="P1_SP00380" HPOS="1506" VPOS="2126" WIDTH="31"/>
						<String ID="P1_ST00483" HPOS="1537" VPOS="2099" WIDTH="49" HEIGHT="25" CONTENT="or" WC="0.68" CC="60"/>
						<SP ID="P1_SP00381" HPOS="1586" VPOS="2126" WIDTH="30"/>
						<String ID="P1_ST00484" HPOS="1616" VPOS="2085" WIDTH="99" HEIGHT="41" CONTENT="died" WC="0.99" CC="0500"/>
						<SP ID="P1_SP00382" HPOS="1715" VPOS="2126" WIDTH="33"/>
						<String ID="P1_ST00485" HPOS="1748" VPOS="2087" WIDTH="113" HEIGHT="38" CONTENT="from" WC="0.98" CC="5200"/>
					</TextLine>
					<TextLine ID="P1_TL00102" HPOS="995" VPOS="2140" WIDTH="868" HEIGHT="46">
						<String ID="P1_ST00486" HPOS="995" VPOS="2142" WIDTH="129" HEIGHT="41" CONTENT="other" WC="0.99" CC="70000"/>
						<SP ID="P1_SP00383" HPOS="1124" VPOS="2183" WIDTH="31"/>
						<String ID="P1_ST00487" HPOS="1156" VPOS="2156" WIDTH="157" HEIGHT="27" CONTENT="causes" WC="0.98" CC="096004"/>
						<SP ID="P1_SP00384" HPOS="1313" VPOS="2183" WIDTH="61"/>
						<String ID="P1_ST00488" HPOS="1375" VPOS="2140" WIDTH="39" HEIGHT="41" CONTENT="in" WC="0.38" CC="48"/>
						<SP ID="P1_SP00385" HPOS="1414" VPOS="2183" WIDTH="35"/>
						<String ID="P1_ST00489" HPOS="1449" VPOS="2142" WIDTH="76" HEIGHT="41" CONTENT="the" WC="0.99" CC="300"/>
						<SP ID="P1_SP00386" HPOS="1524" VPOS="2183" WIDTH="33"/>
						<String ID="P1_ST00490" HPOS="1557" VPOS="2143" WIDTH="140" HEIGHT="39" CONTENT="world" WC="0.98" CC="32121"/>
						<SP ID="P1_SP00387" HPOS="1698" VPOS="2183" WIDTH="60"/>
						<String ID="P1_ST00491" HPOS="1757" VPOS="2156" WIDTH="106" HEIGHT="30" CONTENT="war," WC="0.99" CC="0400"/>
					</TextLine>
					<TextLine ID="P1_TL00103" HPOS="995" VPOS="2198" WIDTH="868" HEIGHT="43">
						<String ID="P1_ST00492" HPOS="995" VPOS="2200" WIDTH="132" HEIGHT="41" CONTENT="while" WC="0.97" CC="70560"/>
						<SP ID="P1_SP00388" HPOS="1128" VPOS="2241" WIDTH="35"/>
						<String ID="P1_ST00493" HPOS="1162" VPOS="2209" WIDTH="46" HEIGHT="31" CONTENT="at" WC="0.67" CC="60"/>
						<SP ID="P1_SP00389" HPOS="1208" VPOS="2241" WIDTH="35"/>
						<String ID="P1_ST00494" HPOS="1243" VPOS="2200" WIDTH="131" HEIGHT="41" CONTENT="home" WC="0.98" CC="6040"/>
						<SP ID="P1_SP00390" HPOS="1373" VPOS="2241" WIDTH="36"/>
						<String ID="P1_ST00495" HPOS="1409" VPOS="2200" WIDTH="44" HEIGHT="39" CONTENT="in" WC="0.28" CC="68"/>
						<SP ID="P1_SP00391" HPOS="1454" VPOS="2241" WIDTH="35"/>
						<String ID="P1_ST00496" HPOS="1488" VPOS="2198" WIDTH="74" HEIGHT="41" CONTENT="the" WC="0.98" CC="050"/>
						<SP ID="P1_SP00392" HPOS="1562" VPOS="2241" WIDTH="35"/>
						<String ID="P1_ST00497" HPOS="1597" VPOS="2214" WIDTH="121" HEIGHT="27" CONTENT="same" WC="0.96" CC="9306"/>
						<SP ID="P1_SP00393" HPOS="1718" VPOS="2241" WIDTH="38"/>
						<String ID="P1_ST00498" HPOS="1756" VPOS="2200" WIDTH="107" HEIGHT="39" CONTENT="time" WC="0.97" CC="0077"/>
					</TextLine>
					<TextLine ID="P1_TL00104" HPOS="995" VPOS="2257" WIDTH="866" HEIGHT="41">
						<String ID="P1_ST00499" HPOS="995" VPOS="2257" WIDTH="302" HEIGHT="41" CONTENT="tuberculosis" WC="0.99" CC="107764250600"/>
						<SP ID="P1_SP00394" HPOS="1298" VPOS="2298" WIDTH="66"/>
						<String ID="P1_ST00500" HPOS="1364" VPOS="2258" WIDTH="195" HEIGHT="39" CONTENT="sneaked" WC="0.98" CC="0804063"/>
						<SP ID="P1_SP00395" HPOS="1559" VPOS="2298" WIDTH="68"/>
						<String ID="P1_ST00501" HPOS="1627" VPOS="2258" WIDTH="94" HEIGHT="39" CONTENT="into" WC="0.96" CC="4607"/>
						<SP ID="P1_SP00396" HPOS="1721" VPOS="2298" WIDTH="68"/>
						<String ID="P1_ST00502" HPOS="1789" VPOS="2258" WIDTH="72" HEIGHT="38" CONTENT="the" WC="0.94" CC="562"/>
					</TextLine>
					<TextLine ID="P1_TL00105" HPOS="995" VPOS="2313" WIDTH="866" HEIGHT="49">
						<String ID="P1_ST00503" HPOS="995" VPOS="2315" WIDTH="156" HEIGHT="43" CONTENT="homes" WC="0.99" CC="02040"/>
						<SP ID="P1_SP00397" HPOS="1151" VPOS="2357" WIDTH="33"/>
						<String ID="P1_ST00504" HPOS="1184" VPOS="2313" WIDTH="46" HEIGHT="43" CONTENT="of" WC="0.69" CC="06"/>
						<SP ID="P1_SP00398" HPOS="1230" VPOS="2357" WIDTH="33"/>
						<String ID="P1_ST00505" HPOS="1263" VPOS="2313" WIDTH="175" HEIGHT="49" CONTENT="150,000" WC="0.68" CC="0600645"/>
						<SP ID="P1_SP00399" HPOS="1438" VPOS="2362" WIDTH="35"/>
						<String ID="P1_ST00506" HPOS="1472" VPOS="2313" WIDTH="238" HEIGHT="41" CONTENT="American" WC="0.99" CC="50000075"/>
						<SP ID="P1_SP00400" HPOS="1710" VPOS="2362" WIDTH="36"/>
						<String ID="P1_ST00507" HPOS="1746" VPOS="2329" WIDTH="115" HEIGHT="28" CONTENT="men," WC="0.97" CC="3460"/>
					</TextLine>
					<TextLine ID="P1_TL00106" HPOS="995" VPOS="2373" WIDTH="867" HEIGHT="46">
						<String ID="P1_ST00508" HPOS="995" VPOS="2384" WIDTH="176" HEIGHT="28" CONTENT="women" WC="0.97" CC="00937"/>
						<SP ID="P1_SP00401" HPOS="1172" VPOS="2413" WIDTH="35"/>
						<String ID="P1_ST00509" HPOS="1206" VPOS="2375" WIDTH="87" HEIGHT="38" CONTENT="and" WC="0.95" CC="607"/>
						<SP ID="P1_SP00402" HPOS="1293" VPOS="2413" WIDTH="63"/>
						<String ID="P1_ST00510" HPOS="1356" VPOS="2373" WIDTH="214" HEIGHT="46" CONTENT="children," WC="0.99" CC="035000050"/>
						<SP ID="P1_SP00403" HPOS="1570" VPOS="2419" WIDTH="36"/>
						<String ID="P1_ST00511" HPOS="1606" VPOS="2375" WIDTH="85" HEIGHT="38" CONTENT="and" WC="0.95" CC="760"/>
						<SP ID="P1_SP00404" HPOS="1691" VPOS="2419" WIDTH="65"/>
						<String ID="P1_ST00512" HPOS="1756" VPOS="2373" WIDTH="106" HEIGHT="38" CONTENT="took" WC="0.96" CC="0088"/>
					</TextLine>
					<TextLine ID="P1_TL00107" HPOS="995" VPOS="2428" WIDTH="268" HEIGHT="40">
						<String ID="P1_ST00513" HPOS="995" VPOS="2428" WIDTH="115" HEIGHT="39" CONTENT="their" WC="0.98" CC="32350"/>
						<SP ID="P1_SP00405" HPOS="1110" VPOS="2468" WIDTH="28"/>
						<String ID="P1_ST00514" HPOS="1139" VPOS="2428" WIDTH="124" HEIGHT="39" CONTENT="lives." WC="1.00" CC="050000"/>
					</TextLine>
				</TextBlock>
				<TextBlock ID="P1_TB00018" HPOS="989" VPOS="2485" WIDTH="873" HEIGHT="967" language="en" STYLEREFS="TXT_1 PAR_BLOCK">
					<TextLine ID="P1_TL00108" HPOS="1050" VPOS="2487" WIDTH="808" HEIGHT="54">
						<String ID="P1_ST00515" HPOS="1050" VPOS="2487" WIDTH="112" HEIGHT="41" CONTENT="This" WC="0.99" CC="0201"/>
						<SP ID="P1_SP00406" HPOS="1162" VPOS="2528" WIDTH="28"/>
						<String ID="P1_ST00516" HPOS="1191" VPOS="2494" WIDTH="200" HEIGHT="46" CONTENT="greatest" WC="0.99" CC="94200004"/>
						<SP ID="P1_SP00407" HPOS="1391" VPOS="2540" WIDTH="54"/>
						<String ID="P1_ST00517" HPOS="1444" VPOS="2501" WIDTH="162" HEIGHT="39" CONTENT="enemy" WC="0.98" CC="76010"/>
						<SP ID="P1_SP00408" HPOS="1606" VPOS="2540" WIDTH="31"/>
						<String ID="P1_ST00518" HPOS="1638" VPOS="2494" WIDTH="46" HEIGHT="36" CONTENT="to" WC="0.61" CC="61"/>
						<SP ID="P1_SP00409" HPOS="1683" VPOS="2540" WIDTH="58"/>
						<String ID="P1_ST00519" HPOS="1742" VPOS="2501" WIDTH="88" HEIGHT="27" CONTENT="man" SUBS_TYPE="HypPart1" SUBS_CONTENT="mankind" WC="0.96" CC="608"/>
						<HYP HPOS="1830" VPOS="2501" WIDTH="28" CONTENT="-"/>
					</TextLine>
					<TextLine ID="P1_TL00109" HPOS="995" VPOS="2543" WIDTH="866" HEIGHT="54">
						<String ID="P1_ST00520" HPOS="995" VPOS="2545" WIDTH="106" HEIGHT="39" CONTENT="kind" SUBS_TYPE="HypPart2" SUBS_CONTENT="mankind" WC="1.00" CC="0000"/>
						<SP ID="P1_SP00410" HPOS="1101" VPOS="2584" WIDTH="41"/>
						<String ID="P1_ST00521" HPOS="1142" VPOS="2543" WIDTH="36" HEIGHT="41" CONTENT="is" WC="0.72" CC="50"/>
						<SP ID="P1_SP00411" HPOS="1178" VPOS="2584" WIDTH="41"/>
						<String ID="P1_ST00522" HPOS="1219" VPOS="2559" WIDTH="22" HEIGHT="25" CONTENT="a" WC="0.97" CC="0"/>
						<SP ID="P1_SP00412" HPOS="1241" VPOS="2584" WIDTH="43"/>
						<String ID="P1_ST00523" HPOS="1283" VPOS="2559" WIDTH="106" HEIGHT="38" CONTENT="ver.y" WC="0.63" CC="50074"/>
						<SP ID="P1_SP00413" HPOS="1389" VPOS="2597" WIDTH="39"/>
						<String ID="P1_ST00524" HPOS="1428" VPOS="2551" WIDTH="159" HEIGHT="41" CONTENT="secret," WC="0.98" CC="0735150"/>
						<SP ID="P1_SP00414" HPOS="1587" VPOS="2597" WIDTH="41"/>
						<String ID="P1_ST00525" HPOS="1628" VPOS="2546" WIDTH="233" HEIGHT="46" CONTENT="insidious," WC="0.99" CC="4603370710"/>
					</TextLine>
					<TextLine ID="P1_TL00110" HPOS="994" VPOS="2602" WIDTH="868" HEIGHT="52">
						<String ID="P1_ST00526" HPOS="994" VPOS="2602" WIDTH="209" HEIGHT="41" CONTENT="invisible" WC="0.99" CC="400606000"/>
						<SP ID="P1_SP00415" HPOS="1203" VPOS="2643" WIDTH="35"/>
						<String ID="P1_ST00527" HPOS="1238" VPOS="2602" WIDTH="69" HEIGHT="43" CONTENT="foe" WC="0.97" CC="710"/>
						<SP ID="P1_SP00416" HPOS="1307" VPOS="2644" WIDTH="31"/>
						<String ID="P1_ST00528" HPOS="1339" VPOS="2602" WIDTH="98" HEIGHT="43" CONTENT="that" WC="1.00" CC="0000"/>
						<SP ID="P1_SP00417" HPOS="1436" VPOS="2644" WIDTH="30"/>
						<String ID="P1_ST00529" HPOS="1466" VPOS="2617" WIDTH="154" HEIGHT="36" CONTENT="creeps" WC="0.99" CC="300080"/>
						<SP ID="P1_SP00418" HPOS="1620" VPOS="2654" WIDTH="33"/>
						<String ID="P1_ST00530" HPOS="1654" VPOS="2616" WIDTH="120" HEIGHT="38" CONTENT="upon" WC="0.98" CC="0800"/>
						<SP ID="P1_SP00419" HPOS="1773" VPOS="2654" WIDTH="33"/>
						<String ID="P1_ST00531" HPOS="1806" VPOS="2602" WIDTH="55" HEIGHT="41" CONTENT="its" WC="0.98" CC="005"/>
					</TextLine>
					<TextLine ID="P1_TL00111" HPOS="994" VPOS="2657" WIDTH="868" HEIGHT="55">
						<String ID="P1_ST00532" HPOS="994" VPOS="2657" WIDTH="194" HEIGHT="52" CONTENT="victims," WC="1.00" CC="03006000"/>
						<SP ID="P1_SP00420" HPOS="1187" VPOS="2709" WIDTH="27"/>
						<String ID="P1_ST00533" HPOS="1214" VPOS="2660" WIDTH="106" HEIGHT="44" CONTENT="thus" WC="0.97" CC="4730"/>
						<SP ID="P1_SP00421" HPOS="1320" VPOS="2709" WIDTH="27"/>
						<String ID="P1_ST00534" HPOS="1346" VPOS="2660" WIDTH="186" HEIGHT="52" CONTENT="making" WC="0.98" CC="006059"/>
						<SP ID="P1_SP00422" HPOS="1532" VPOS="2712" WIDTH="27"/>
						<String ID="P1_ST00535" HPOS="1559" VPOS="2661" WIDTH="55" HEIGHT="41" CONTENT="its" WC="0.98" CC="004"/>
						<SP ID="P1_SP00423" HPOS="1614" VPOS="2712" WIDTH="28"/>
						<String ID="P1_ST00536" HPOS="1643" VPOS="2669" WIDTH="219" HEIGHT="43" CONTENT="conquest" WC="0.98" CC="00037595"/>
					</TextLine>
					<TextLine ID="P1_TL00112" HPOS="994" VPOS="2717" WIDTH="868" HEIGHT="52">
						<String ID="P1_ST00537" HPOS="994" VPOS="2717" WIDTH="172" HEIGHT="52" CONTENT="doubly" WC="0.97" CC="406469"/>
						<SP ID="P1_SP00424" HPOS="1165" VPOS="2769" WIDTH="38"/>
						<String ID="P1_ST00538" HPOS="1203" VPOS="2731" WIDTH="49" HEIGHT="27" CONTENT="as" WC="1.00" CC="00"/>
						<SP ID="P1_SP00425" HPOS="1252" VPOS="2769" WIDTH="41"/>
						<String ID="P1_ST00539" HPOS="1293" VPOS="2717" WIDTH="118" HEIGHT="52" CONTENT="long." WC="0.98" CC="60190"/>
						<SP ID="P1_SP00426" HPOS="1411" VPOS="2769" WIDTH="69"/>
						<String ID="P1_ST00540" HPOS="1480" VPOS="2717" WIDTH="43" HEIGHT="41" CONTENT="It" WC="1.00" CC="00"/>
						<SP ID="P1_SP00427" HPOS="1523" VPOS="2769" WIDTH="39"/>
						<String ID="P1_ST00541" HPOS="1562" VPOS="2717" WIDTH="202" HEIGHT="52" CONTENT="tightens" WC="0.99" CC="01900000"/>
						<SP ID="P1_SP00428" HPOS="1764" VPOS="2769" WIDTH="43"/>
						<String ID="P1_ST00542" HPOS="1806" VPOS="2718" WIDTH="55" HEIGHT="39" CONTENT="its" WC="0.95" CC="506"/>
					</TextLine>
					<TextLine ID="P1_TL00113" HPOS="994" VPOS="2773" WIDTH="868" HEIGHT="52">
						<String ID="P1_ST00543" HPOS="994" VPOS="2773" WIDTH="99" HEIGHT="52" CONTENT="grip" WC="0.97" CC="9050"/>
						<SP ID="P1_SP00429" HPOS="1093" VPOS="2825" WIDTH="41"/>
						<String ID="P1_ST00544" HPOS="1134" VPOS="2775" WIDTH="106" HEIGHT="41" CONTENT="each" WC="0.98" CC="0006"/>
						<SP ID="P1_SP00430" HPOS="1239" VPOS="2825" WIDTH="43"/>
						<String ID="P1_ST00545" HPOS="1282" VPOS="2776" WIDTH="87" HEIGHT="49" CONTENT="day" WC="0.97" CC="053"/>
						<SP ID="P1_SP00431" HPOS="1369" VPOS="2825" WIDTH="41"/>
						<String ID="P1_ST00546" HPOS="1409" VPOS="2775" WIDTH="87" HEIGHT="41" CONTENT="and" WC="0.94" CC="770"/>
						<SP ID="P1_SP00432" HPOS="1496" VPOS="2825" WIDTH="39"/>
						<String ID="P1_ST00547" HPOS="1535" VPOS="2775" WIDTH="33" HEIGHT="39" CONTENT="if" WC="0.57" CC="16"/>
						<SP ID="P1_SP00433" HPOS="1569" VPOS="2825" WIDTH="38"/>
						<String ID="P1_ST00548" HPOS="1606" VPOS="2775" WIDTH="255" HEIGHT="50" CONTENT="permitted," WC="0.99" CC="0030504650"/>
					</TextLine>
					<TextLine ID="P1_TL00114" HPOS="994" VPOS="2830" WIDTH="868" HEIGHT="54">
						<String ID="P1_ST00549" HPOS="994" VPOS="2831" WIDTH="150" HEIGHT="41" CONTENT="would" WC="0.96" CC="91456"/>
						<SP ID="P1_SP00434" HPOS="1143" VPOS="2872" WIDTH="35"/>
						<String ID="P1_ST00550" HPOS="1178" VPOS="2830" WIDTH="180" HEIGHT="52" CONTENT="besiege" WC="0.99" CC="0001790"/>
						<SP ID="P1_SP00435" HPOS="1357" VPOS="2882" WIDTH="63"/>
						<String ID="P1_ST00551" HPOS="1420" VPOS="2833" WIDTH="74" HEIGHT="39" CONTENT="the" WC="0.96" CC="053"/>
						<SP ID="P1_SP00436" HPOS="1494" VPOS="2882" WIDTH="31"/>
						<String ID="P1_ST00552" HPOS="1526" VPOS="2830" WIDTH="99" HEIGHT="54" CONTENT="“city" WC="0.96" CC="87607"/>
						<SP ID="P1_SP00437" HPOS="1625" VPOS="2883" WIDTH="20"/>
						<String ID="P1_ST00553" HPOS="1646" VPOS="2830" WIDTH="19" HEIGHT="54" CONTENT="7" STYLE="superscript" WC="1.00" CC="0"/>
						<SP ID="P1_SP00438" HPOS="1665" VPOS="2883" WIDTH="20"/>
						<String ID="P1_ST00554" HPOS="1685" VPOS="2830" WIDTH="39" HEIGHT="54" CONTENT="of" WC="0.49" CC="37"/>
						<SP ID="P1_SP00439" HPOS="1724" VPOS="2883" WIDTH="58"/>
						<String ID="P1_ST00555" HPOS="1783" VPOS="2833" WIDTH="54" HEIGHT="38" CONTENT="hu" SUBS_TYPE="HypPart1" SUBS_CONTENT="humanity.”" WC="0.95" CC="28"/>
						<HYP HPOS="1836" VPOS="2833" WIDTH="25" CONTENT="-"/>
					</TextLine>
					<TextLine ID="P1_TL00115" HPOS="994" VPOS="2888" WIDTH="868" HEIGHT="52">
						<String ID="P1_ST00556" HPOS="994" VPOS="2888" WIDTH="217" HEIGHT="52" CONTENT="manity.”" SUBS_TYPE="HypPart2" SUBS_CONTENT="humanity.”" WC="0.99" CC="00553408"/>
						<SP ID="P1_SP00440" HPOS="1211" VPOS="2940" WIDTH="63"/>
						<String ID="P1_ST00557" HPOS="1274" VPOS="2888" WIDTH="112" HEIGHT="43" CONTENT="This" WC="0.97" CC="0560"/>
						<SP ID="P1_SP00441" HPOS="1386" VPOS="2940" WIDTH="39"/>
						<String ID="P1_ST00558" HPOS="1425" VPOS="2888" WIDTH="36" HEIGHT="43" CONTENT="is" WC="0.86" CC="20"/>
						<SP ID="P1_SP00442" HPOS="1461" VPOS="2940" WIDTH="39"/>
						<String ID="P1_ST00559" HPOS="1501" VPOS="2890" WIDTH="121" HEIGHT="43" CONTENT="what" WC="0.98" CC="0018"/>
						<SP ID="P1_SP00443" HPOS="1622" VPOS="2940" WIDTH="38"/>
						<String ID="P1_ST00560" HPOS="1660" VPOS="2890" WIDTH="74" HEIGHT="41" CONTENT="the" WC="0.94" CC="554"/>
						<SP ID="P1_SP00444" HPOS="1734" VPOS="2940" WIDTH="41"/>
						<String ID="P1_ST00561" HPOS="1775" VPOS="2890" WIDTH="58" HEIGHT="41" CONTENT="Na" SUBS_TYPE="HypPart1" SUBS_CONTENT="National" WC="0.94" CC="96"/>
						<HYP HPOS="1833" VPOS="2890" WIDTH="28" CONTENT="-"/>
					</TextLine>
					<TextLine ID="P1_TL00116" HPOS="994" VPOS="2945" WIDTH="865" HEIGHT="44">
						<String ID="P1_ST00562" HPOS="994" VPOS="2946" WIDTH="140" HEIGHT="41" CONTENT="tional" SUBS_TYPE="HypPart2" SUBS_CONTENT="National" WC="0.97" CC="070856"/>
						<SP ID="P1_SP00445" HPOS="1134" VPOS="2987" WIDTH="57"/>
						<String ID="P1_ST00563" HPOS="1191" VPOS="2945" WIDTH="324" HEIGHT="44" CONTENT="Tuberculosis" WC="1.00" CC="084040220000"/>
						<SP ID="P1_SP00446" HPOS="1515" VPOS="2989" WIDTH="55"/>
						<String ID="P1_ST00564" HPOS="1570" VPOS="2946" WIDTH="288" HEIGHT="41" CONTENT="Association" WC="0.99" CC="00007400448"/>
					</TextLine>
					<TextLine ID="P1_TL00117" HPOS="994" VPOS="3002" WIDTH="850" HEIGHT="54">
						<String ID="P1_ST00565" HPOS="994" VPOS="3003" WIDTH="36" HEIGHT="44" CONTENT="is" WC="0.70" CC="50"/>
						<SP ID="P1_SP00447" HPOS="1030" VPOS="3047" WIDTH="28"/>
						<String ID="P1_ST00566" HPOS="1058" VPOS="3011" WIDTH="79" HEIGHT="33" CONTENT="out" WC="0.98" CC="040"/>
						<SP ID="P1_SP00448" HPOS="1137" VPOS="3047" WIDTH="30"/>
						<String ID="P1_ST00567" HPOS="1167" VPOS="3009" WIDTH="44" HEIGHT="36" CONTENT="to" WC="0.62" CC="51"/>
						<SP ID="P1_SP00449" HPOS="1211" VPOS="3047" WIDTH="28"/>
						<String ID="P1_ST00568" HPOS="1239" VPOS="3002" WIDTH="112" HEIGHT="54" CONTENT="fight" WC="0.98" CC="00560"/>
						<SP ID="P1_SP00450" HPOS="1351" VPOS="3055" WIDTH="28"/>
						<String ID="P1_ST00569" HPOS="1380" VPOS="3008" WIDTH="87" HEIGHT="39" CONTENT="and" WC="0.99" CC="030"/>
						<SP ID="P1_SP00451" HPOS="1466" VPOS="3055" WIDTH="28"/>
						<String ID="P1_ST00570" HPOS="1494" VPOS="3006" WIDTH="57" HEIGHT="38" CONTENT="do" WC="0.41" CC="65"/>
						<SP ID="P1_SP00452" HPOS="1551" VPOS="3055" WIDTH="28"/>
						<String ID="P1_ST00571" HPOS="1580" VPOS="3017" WIDTH="128" HEIGHT="38" CONTENT="away" WC="0.96" CC="9910"/>
						<SP ID="P1_SP00453" HPOS="1707" VPOS="3055" WIDTH="30"/>
						<String ID="P1_ST00572" HPOS="1737" VPOS="3005" WIDTH="107" HEIGHT="39" CONTENT="with" WC="0.97" CC="0706"/>
					</TextLine>
					<TextLine ID="P1_TL00118" HPOS="1049" VPOS="3060" WIDTH="813" HEIGHT="52">
						<String ID="P1_ST00573" HPOS="1049" VPOS="3060" WIDTH="112" HEIGHT="44" CONTENT="This" WC="0.96" CC="0676"/>
						<SP ID="P1_SP00454" HPOS="1161" VPOS="3104" WIDTH="30"/>
						<String ID="P1_ST00574" HPOS="1191" VPOS="3061" WIDTH="312" HEIGHT="50" CONTENT="organization" WC="0.99" CC="069072000007"/>
						<SP ID="P1_SP00455" HPOS="1502" VPOS="3112" WIDTH="30"/>
						<String ID="P1_ST00575" HPOS="1532" VPOS="3077" WIDTH="80" HEIGHT="25" CONTENT="can" WC="0.93" CC="098"/>
						<SP ID="P1_SP00456" HPOS="1613" VPOS="3112" WIDTH="30"/>
						<String ID="P1_ST00576" HPOS="1643" VPOS="3069" WIDTH="79" HEIGHT="33" CONTENT="not" WC="0.97" CC="700"/>
						<SP ID="P1_SP00457" HPOS="1721" VPOS="3112" WIDTH="27"/>
						<String ID="P1_ST00577" HPOS="1748" VPOS="3061" WIDTH="113" HEIGHT="50" CONTENT="fight" WC="0.97" CC="00975"/>
					</TextLine>
					<TextLine ID="P1_TL00119" HPOS="994" VPOS="3118" WIDTH="865" HEIGHT="52">
						<String ID="P1_ST00578" HPOS="994" VPOS="3118" WIDTH="153" HEIGHT="41" CONTENT="unless" WC="0.98" CC="790700"/>
						<SP ID="P1_SP00458" HPOS="1146" VPOS="3159" WIDTH="39"/>
						<String ID="P1_ST00579" HPOS="1186" VPOS="3118" WIDTH="33" HEIGHT="39" CONTENT="it" WC="0.85" CC="20"/>
						<SP ID="P1_SP00459" HPOS="1219" VPOS="3159" WIDTH="38"/>
						<String ID="P1_ST00580" HPOS="1257" VPOS="3121" WIDTH="82" HEIGHT="39" CONTENT="has" WC="0.98" CC="050"/>
						<SP ID="P1_SP00460" HPOS="1339" VPOS="3161" WIDTH="38"/>
						<String ID="P1_ST00581" HPOS="1376" VPOS="3118" WIDTH="76" HEIGHT="41" CONTENT="the" WC="0.96" CC="650"/>
						<SP ID="P1_SP00461" HPOS="1452" VPOS="3161" WIDTH="39"/>
						<String ID="P1_ST00582" HPOS="1491" VPOS="3132" WIDTH="121" HEIGHT="27" CONTENT="same" WC="0.98" CC="0043"/>
						<SP ID="P1_SP00462" HPOS="1613" VPOS="3161" WIDTH="43"/>
						<String ID="P1_ST00583" HPOS="1655" VPOS="3120" WIDTH="203" HEIGHT="50" CONTENT="spiritual" WC="0.99" CC="030030860"/>
					</TextLine>
					<TextLine ID="P1_TL00120" HPOS="991" VPOS="3175" WIDTH="868" HEIGHT="52">
						<String ID="P1_ST00584" HPOS="991" VPOS="3176" WIDTH="88" HEIGHT="41" CONTENT="and" WC="0.95" CC="346"/>
						<SP ID="P1_SP00463" HPOS="1079" VPOS="3217" WIDTH="38"/>
						<String ID="P1_ST00585" HPOS="1117" VPOS="3175" WIDTH="208" HEIGHT="41" CONTENT="financial" WC="0.99" CC="000980063"/>
						<SP ID="P1_SP00464" HPOS="1324" VPOS="3217" WIDTH="66"/>
						<String ID="P1_ST00586" HPOS="1391" VPOS="3175" WIDTH="195" HEIGHT="52" CONTENT="backing" WC="0.98" CC="0000579"/>
						<SP ID="P1_SP00465" HPOS="1586" VPOS="3227" WIDTH="36"/>
						<String ID="P1_ST00587" HPOS="1622" VPOS="3176" WIDTH="99" HEIGHT="43" CONTENT="that" WC="0.96" CC="0494"/>
						<SP ID="P1_SP00466" HPOS="1721" VPOS="3227" WIDTH="65"/>
						<String ID="P1_ST00588" HPOS="1786" VPOS="3176" WIDTH="72" HEIGHT="41" CONTENT="the" WC="0.96" CC="064"/>
					</TextLine>
					<TextLine ID="P1_TL00121" HPOS="991" VPOS="3231" WIDTH="869" HEIGHT="43">
						<String ID="P1_ST00589" HPOS="991" VPOS="3231" WIDTH="169" HEIGHT="43" CONTENT="soldier" WC="0.99" CC="1011606"/>
						<SP ID="P1_SP00467" HPOS="1159" VPOS="3274" WIDTH="33"/>
						<String ID="P1_ST00590" HPOS="1192" VPOS="3231" WIDTH="202" HEIGHT="41" CONTENT="received" WC="0.99" CC="60017007"/>
						<SP ID="P1_SP00468" HPOS="1394" VPOS="3274" WIDTH="35"/>
						<String ID="P1_ST00591" HPOS="1428" VPOS="3235" WIDTH="44" HEIGHT="39" CONTENT="in" WC="0.43" CC="47"/>
						<SP ID="P1_SP00469" HPOS="1472" VPOS="3274" WIDTH="35"/>
						<String ID="P1_ST00592" HPOS="1507" VPOS="3233" WIDTH="183" HEIGHT="39" CONTENT="France." WC="0.99" CC="0047000"/>
						<SP ID="P1_SP00470" HPOS="1690" VPOS="3274" WIDTH="61"/>
						<String ID="P1_ST00593" HPOS="1751" VPOS="3235" WIDTH="41" HEIGHT="38" CONTENT="It" WC="0.65" CC="70"/>
						<SP ID="P1_SP00471" HPOS="1792" VPOS="3274" WIDTH="33"/>
						<String ID="P1_ST00594" HPOS="1825" VPOS="3233" WIDTH="35" HEIGHT="38" CONTENT="is" WC="0.20" CC="59"/>
					</TextLine>
					<TextLine ID="P1_TL00122" HPOS="992" VPOS="3290" WIDTH="866" HEIGHT="52">
						<String ID="P1_ST00595" HPOS="992" VPOS="3291" WIDTH="74" HEIGHT="39" CONTENT="the" WC="0.98" CC="040"/>
						<SP ID="P1_SP00472" HPOS="1066" VPOS="3331" WIDTH="31"/>
						<String ID="P1_ST00596" HPOS="1098" VPOS="3291" WIDTH="112" HEIGHT="50" CONTENT="duty" WC="0.97" CC="9400"/>
						<SP ID="P1_SP00473" HPOS="1209" VPOS="3342" WIDTH="30"/>
						<String ID="P1_ST00597" HPOS="1239" VPOS="3291" WIDTH="47" HEIGHT="39" CONTENT="of" WC="0.69" CC="06"/>
						<SP ID="P1_SP00474" HPOS="1287" VPOS="3342" WIDTH="28"/>
						<String ID="P1_ST00598" HPOS="1315" VPOS="3306" WIDTH="134" HEIGHT="36" CONTENT="every" WC="1.00" CC="30000"/>
						<SP ID="P1_SP00475" HPOS="1449" VPOS="3342" WIDTH="31"/>
						<String ID="P1_ST00599" HPOS="1480" VPOS="3306" WIDTH="83" HEIGHT="25" CONTENT="one" WC="0.96" CC="047"/>
						<SP ID="P1_SP00476" HPOS="1564" VPOS="3342" WIDTH="30"/>
						<String ID="P1_ST00600" HPOS="1594" VPOS="3298" WIDTH="46" HEIGHT="33" CONTENT="to" WC="1.00" CC="00"/>
						<SP ID="P1_SP00477" HPOS="1639" VPOS="3342" WIDTH="30"/>
						<String ID="P1_ST00601" HPOS="1669" VPOS="3291" WIDTH="71" HEIGHT="39" CONTENT="aid" WC="0.97" CC="042"/>
						<SP ID="P1_SP00478" HPOS="1740" VPOS="3342" WIDTH="30"/>
						<String ID="P1_ST00602" HPOS="1770" VPOS="3290" WIDTH="88" HEIGHT="41" CONTENT="this" WC="0.95" CC="4739"/>
					</TextLine>
					<TextLine ID="P1_TL00123" HPOS="992" VPOS="3346" WIDTH="866" HEIGHT="52">
						<String ID="P1_ST00603" HPOS="992" VPOS="3346" WIDTH="238" HEIGHT="52" CONTENT="campaign" WC="0.99" CC="20001679"/>
						<SP ID="P1_SP00479" HPOS="1230" VPOS="3398" WIDTH="65"/>
						<String ID="P1_ST00604" HPOS="1294" VPOS="3348" WIDTH="178" HEIGHT="50" CONTENT="against" WC="0.99" CC="6911000"/>
						<SP ID="P1_SP00480" HPOS="1472" VPOS="3398" WIDTH="35"/>
						<String ID="P1_ST00605" HPOS="1507" VPOS="3348" WIDTH="90" HEIGHT="41" CONTENT="this" WC="0.98" CC="2400"/>
						<SP ID="P1_SP00481" HPOS="1597" VPOS="3398" WIDTH="63"/>
						<String ID="P1_ST00606" HPOS="1660" VPOS="3354" WIDTH="198" HEIGHT="43" CONTENT="greatest" WC="0.97" CC="96390798"/>
					</TextLine>
					<TextLine ID="P1_TL00124" HPOS="992" VPOS="3419" WIDTH="173" HEIGHT="33">
						<String ID="P1_ST00607" HPOS="992" VPOS="3419" WIDTH="173" HEIGHT="33" CONTENT="enemy." WC="0.99" CC="030040"/>
					</TextLine>
				</TextBlock>
				<TextBlock ID="P1_TB00019" HPOS="989" VPOS="3458" WIDTH="870" HEIGHT="507" language="en" STYLEREFS="TXT_1 PAR_BLOCK">
					<TextLine ID="P1_TL00125" HPOS="1047" VPOS="3458" WIDTH="811" HEIGHT="54">
						<String ID="P1_ST00608" HPOS="1047" VPOS="3458" WIDTH="98" HEIGHT="41" CONTENT="The" WC="1.00" CC="000"/>
						<SP ID="P1_SP00482" HPOS="1145" VPOS="3499" WIDTH="41"/>
						<String ID="P1_ST00609" HPOS="1186" VPOS="3460" WIDTH="113" HEIGHT="52" CONTENT="fight" WC="0.97" CC="22670"/>
						<SP ID="P1_SP00483" HPOS="1299" VPOS="3512" WIDTH="41"/>
						<String ID="P1_ST00610" HPOS="1340" VPOS="3460" WIDTH="93" HEIGHT="39" CONTENT="will" WC="0.97" CC="4504"/>
						<SP ID="P1_SP00484" HPOS="1433" VPOS="3512" WIDTH="43"/>
						<String ID="P1_ST00611" HPOS="1476" VPOS="3466" WIDTH="113" HEIGHT="36" CONTENT="start" WC="0.97" CC="60660"/>
						<SP ID="P1_SP00485" HPOS="1589" VPOS="3512" WIDTH="44"/>
						<String ID="P1_ST00612" HPOS="1633" VPOS="3460" WIDTH="107" HEIGHT="39" CONTENT="with" WC="0.99" CC="1100"/>
						<SP ID="P1_SP00486" HPOS="1740" VPOS="3512" WIDTH="44"/>
						<String ID="P1_ST00613" HPOS="1784" VPOS="3460" WIDTH="74" HEIGHT="41" CONTENT="the" WC="0.96" CC="506"/>
					</TextLine>
					<TextLine ID="P1_TL00126" HPOS="991" VPOS="3515" WIDTH="868" HEIGHT="52">
						<String ID="P1_ST00614" HPOS="991" VPOS="3515" WIDTH="280" HEIGHT="52" CONTENT="uncovering" WC="0.99" CC="3300200679"/>
						<SP ID="P1_SP00487" HPOS="1271" VPOS="3567" WIDTH="58"/>
						<String ID="P1_ST00615" HPOS="1329" VPOS="3515" WIDTH="46" HEIGHT="43" CONTENT="of" WC="0.61" CC="07"/>
						<SP ID="P1_SP00488" HPOS="1375" VPOS="3567" WIDTH="55"/>
						<String ID="P1_ST00616" HPOS="1430" VPOS="3517" WIDTH="231" HEIGHT="46" CONTENT="unknown" WC="0.98" CC="2737200"/>
						<SP ID="P1_SP00489" HPOS="1661" VPOS="3567" WIDTH="58"/>
						<String ID="P1_ST00617" HPOS="1720" VPOS="3531" WIDTH="139" HEIGHT="33" CONTENT="cases," WC="0.97" CC="670690"/>
					</TextLine>
					<TextLine ID="P1_TL00127" HPOS="991" VPOS="3573" WIDTH="865" HEIGHT="52">
						<String ID="P1_ST00618" HPOS="991" VPOS="3575" WIDTH="107" HEIGHT="41" CONTENT="then" WC="0.99" CC="0400"/>
						<SP ID="P1_SP00490" HPOS="1098" VPOS="3616" WIDTH="39"/>
						<String ID="P1_ST00619" HPOS="1137" VPOS="3573" WIDTH="255" HEIGHT="49" CONTENT="provisions" WC="0.99" CC="0003506030"/>
						<SP ID="P1_SP00491" HPOS="1392" VPOS="3622" WIDTH="38"/>
						<String ID="P1_ST00620" HPOS="1430" VPOS="3575" WIDTH="68" HEIGHT="41" CONTENT="for" WC="0.99" CC="300"/>
						<SP ID="P1_SP00492" HPOS="1498" VPOS="3622" WIDTH="38"/>
						<String ID="P1_ST00621" HPOS="1535" VPOS="3575" WIDTH="222" HEIGHT="50" CONTENT="adequate" WC="0.99" CC="40006641"/>
						<SP ID="P1_SP00493" HPOS="1757" VPOS="3625" WIDTH="39"/>
						<String ID="P1_ST00622" HPOS="1797" VPOS="3575" WIDTH="39" HEIGHT="39" CONTENT="fa" SUBS_TYPE="HypPart1" SUBS_CONTENT="facilities" WC="0.96" CC="46"/>
						<HYP HPOS="1836" VPOS="3575" WIDTH="19" CONTENT="-"/>
					</TextLine>
					<TextLine ID="P1_TL00128" HPOS="989" VPOS="3628" WIDTH="869" HEIGHT="54">
						<String ID="P1_ST00623" HPOS="989" VPOS="3630" WIDTH="162" HEIGHT="41" CONTENT="cilities" SUBS_TYPE="HypPart2" SUBS_CONTENT="facilities" WC="0.99" CC="14560400"/>
						<SP ID="P1_SP00494" HPOS="1151" VPOS="3671" WIDTH="36"/>
						<String ID="P1_ST00624" HPOS="1187" VPOS="3628" WIDTH="69" HEIGHT="43" CONTENT="for" WC="0.99" CC="300"/>
						<SP ID="P1_SP00495" HPOS="1257" VPOS="3671" WIDTH="63"/>
						<String ID="P1_ST00625" HPOS="1320" VPOS="3630" WIDTH="224" HEIGHT="52" CONTENT="hospitals" WC="0.99" CC="200960100"/>
						<SP ID="P1_SP00496" HPOS="1543" VPOS="3682" WIDTH="35"/>
						<String ID="P1_ST00626" HPOS="1578" VPOS="3633" WIDTH="87" HEIGHT="41" CONTENT="and" WC="0.96" CC="360"/>
						<SP ID="P1_SP00497" HPOS="1665" VPOS="3682" WIDTH="66"/>
						<String ID="P1_ST00627" HPOS="1731" VPOS="3646" WIDTH="102" HEIGHT="27" CONTENT="sana" SUBS_TYPE="HypPart1" SUBS_CONTENT="sanatariums" WC="0.52" CC="0379"/>
						<HYP HPOS="1833" VPOS="3646" WIDTH="25" CONTENT="-"/>
					</TextLine>
					<TextLine ID="P1_TL00129" HPOS="991" VPOS="3688" WIDTH="868" HEIGHT="44">
						<String ID="P1_ST00628" HPOS="991" VPOS="3688" WIDTH="191" HEIGHT="44" CONTENT="tariums" SUBS_TYPE="HypPart2" SUBS_CONTENT="sanatariums" WC="0.79" CC="0207400"/>
						<SP ID="P1_SP00498" HPOS="1181" VPOS="3732" WIDTH="28"/>
						<String ID="P1_ST00629" HPOS="1209" VPOS="3688" WIDTH="146" HEIGHT="41" CONTENT="which" WC="0.99" CC="70000"/>
						<SP ID="P1_SP00499" HPOS="1356" VPOS="3732" WIDTH="28"/>
						<String ID="P1_ST00630" HPOS="1384" VPOS="3702" WIDTH="129" HEIGHT="28" CONTENT="serve" WC="0.99" CC="07000"/>
						<SP ID="P1_SP00500" HPOS="1513" VPOS="3732" WIDTH="27"/>
						<String ID="P1_ST00631" HPOS="1540" VPOS="3702" WIDTH="47" HEIGHT="27" CONTENT="as" WC="0.14" CC="97"/>
						<SP ID="P1_SP00501" HPOS="1587" VPOS="3732" WIDTH="30"/>
						<String ID="P1_ST00632" HPOS="1617" VPOS="3688" WIDTH="74" HEIGHT="41" CONTENT="the" WC="0.98" CC="004"/>
						<SP ID="P1_SP00502" HPOS="1691" VPOS="3732" WIDTH="27"/>
						<String ID="P1_ST00633" HPOS="1718" VPOS="3688" WIDTH="140" HEIGHT="43" CONTENT="battle" WC="0.98" CC="570058"/>
					</TextLine>
					<TextLine ID="P1_TL00130" HPOS="991" VPOS="3745" WIDTH="868" HEIGHT="50">
						<String ID="P1_ST00634" HPOS="991" VPOS="3745" WIDTH="101" HEIGHT="39" CONTENT="field" WC="0.99" CC="00016"/>
						<SP ID="P1_SP00503" HPOS="1091" VPOS="3784" WIDTH="41"/>
						<String ID="P1_ST00635" HPOS="1132" VPOS="3759" WIDTH="50" HEIGHT="25" CONTENT="or" WC="0.88" CC="20"/>
						<SP ID="P1_SP00504" HPOS="1183" VPOS="3784" WIDTH="43"/>
						<String ID="P1_ST00636" HPOS="1225" VPOS="3746" WIDTH="231" HEIGHT="49" CONTENT="slaughter" WC="0.99" CC="961390000"/>
						<SP ID="P1_SP00505" HPOS="1457" VPOS="3795" WIDTH="41"/>
						<String ID="P1_ST00637" HPOS="1498" VPOS="3745" WIDTH="142" HEIGHT="41" CONTENT="house" WC="0.97" CC="05790"/>
						<SP ID="P1_SP00506" HPOS="1639" VPOS="3795" WIDTH="43"/>
						<String ID="P1_ST00638" HPOS="1682" VPOS="3746" WIDTH="47" HEIGHT="39" CONTENT="of" WC="0.42" CC="91"/>
						<SP ID="P1_SP00507" HPOS="1729" VPOS="3795" WIDTH="39"/>
						<String ID="P1_ST00639" HPOS="1769" VPOS="3746" WIDTH="90" HEIGHT="38" CONTENT="this" WC="0.96" CC="6049"/>
					</TextLine>
					<TextLine ID="P1_TL00131" HPOS="991" VPOS="3803" WIDTH="466" HEIGHT="50">
						<String ID="P1_ST00640" HPOS="991" VPOS="3803" WIDTH="255" HEIGHT="41" CONTENT="dano-erous" WC="0.57" CC="0777800280"/>
						<SP ID="P1_SP00508" HPOS="1246" VPOS="3844" WIDTH="36"/>
						<String ID="P1_ST00641" HPOS="1282" VPOS="3814" WIDTH="175" HEIGHT="39" CONTENT="enemy." WC="0.99" CC="030050"/>
					</TextLine>
					<TextLine ID="P1_TL00132" HPOS="1044" VPOS="3858" WIDTH="813" HEIGHT="45">
						<String ID="P1_ST00642" HPOS="1044" VPOS="3858" WIDTH="98" HEIGHT="41" CONTENT="The" WC="0.99" CC="002"/>
						<SP ID="P1_SP00509" HPOS="1142" VPOS="3899" WIDTH="25"/>
						<String ID="P1_ST00643" HPOS="1167" VPOS="3860" WIDTH="209" HEIGHT="41" CONTENT="students" WC="0.99" CC="00500700"/>
						<SP ID="P1_SP00510" HPOS="1376" VPOS="3901" WIDTH="25"/>
						<String ID="P1_ST00644" HPOS="1402" VPOS="3858" WIDTH="46" HEIGHT="41" CONTENT="of" WC="0.61" CC="07"/>
						<SP ID="P1_SP00511" HPOS="1447" VPOS="3901" WIDTH="25"/>
						<String ID="P1_ST00645" HPOS="1472" VPOS="3860" WIDTH="167" HEIGHT="43" CONTENT="Brown" WC="0.97" CC="32195"/>
						<SP ID="P1_SP00512" HPOS="1639" VPOS="3902" WIDTH="27"/>
						<String ID="P1_ST00646" HPOS="1666" VPOS="3860" WIDTH="164" HEIGHT="39" CONTENT="Univer" SUBS_TYPE="HypPart1" SUBS_CONTENT="University" WC="0.99" CC="061606"/>
						<HYP HPOS="1830" VPOS="3860" WIDTH="27" CONTENT="-"/>
					</TextLine>
					<TextLine ID="P1_TL00133" HPOS="989" VPOS="3915" WIDTH="868" HEIGHT="50">
						<String ID="P1_ST00647" HPOS="989" VPOS="3915" WIDTH="87" HEIGHT="50" CONTENT="sity" SUBS_TYPE="HypPart2" SUBS_CONTENT="University" WC="0.98" CC="0504"/>
						<SP ID="P1_SP00513" HPOS="1076" VPOS="3965" WIDTH="41"/>
						<String ID="P1_ST00648" HPOS="1117" VPOS="3931" WIDTH="72" HEIGHT="27" CONTENT="are" WC="0.97" CC="800"/>
						<SP ID="P1_SP00514" HPOS="1189" VPOS="3965" WIDTH="38"/>
						<String ID="P1_ST00649" HPOS="1227" VPOS="3917" WIDTH="183" HEIGHT="43" CONTENT="comintr" WC="0.44" CC="7606818"/>
						<SP ID="P1_SP00515" HPOS="1409" VPOS="3965" WIDTH="41"/>
						<String ID="P1_ST00650" HPOS="1450" VPOS="3917" WIDTH="194" HEIGHT="41" CONTENT="forward" WC="0.98" CC="6005906"/>
						<SP ID="P1_SP00516" HPOS="1644" VPOS="3965" WIDTH="41"/>
						<String ID="P1_ST00651" HPOS="1685" VPOS="3915" WIDTH="43" HEIGHT="43" CONTENT="in" WC="0.41" CC="74"/>
						<SP ID="P1_SP00517" HPOS="1728" VPOS="3965" WIDTH="39"/>
						<String ID="P1_ST00652" HPOS="1767" VPOS="3915" WIDTH="90" HEIGHT="41" CONTENT="this" WC="0.97" CC="0069"/>
					</TextLine>
				</TextBlock>
				<TextBlock ID="P1_TB00020" HPOS="992" VPOS="4074" WIDTH="891" HEIGHT="109" language="en" STYLEREFS="TXT_4 PAR_LEFT">
					<TextLine ID="P1_TL00134" HPOS="992" VPOS="4077" WIDTH="636" HEIGHT="43">
						<String ID="P1_ST00653" HPOS="992" VPOS="4079" WIDTH="214" HEIGHT="39" CONTENT="COACH" WC="1.00" CC="00002"/>
						<SP ID="P1_SP00518" HPOS="1206" VPOS="4118" WIDTH="28"/>
						<String ID="P1_ST00654" HPOS="1235" VPOS="4077" WIDTH="312" HEIGHT="41" CONTENT="FREEMAN" WC="1.00" CC="0000204"/>
						<SP ID="P1_SP00519" HPOS="1546" VPOS="4118" WIDTH="27"/>
						<String ID="P1_ST00655" HPOS="1573" VPOS="4079" WIDTH="55" HEIGHT="41" CONTENT="IS" WC="1.00" CC="00"/>
					</TextLine>
					<TextLine ID="P1_TL00135" HPOS="1263" VPOS="4146" WIDTH="595" HEIGHT="37">
						<String ID="P1_ST00656" HPOS="1263" VPOS="4146" WIDTH="173" HEIGHT="36" CONTENT="VERY" WC="1.00" CC="0101"/>
						<SP ID="P1_SP00520" HPOS="1436" VPOS="4183" WIDTH="33"/>
						<String ID="P1_ST00657" HPOS="1469" VPOS="4146" WIDTH="389" HEIGHT="36" CONTENT="CONFIDENT." WC="0.99" CC="0123030902"/>
					</TextLine>
				</TextBlock>
				<TextBlock ID="P1_TB00021" HPOS="995" VPOS="4266" WIDTH="865" HEIGHT="120" language="en" STYLEREFS="TXT_4 PAR_LEFT">
					<TextLine ID="P1_TL00136" HPOS="995" VPOS="4271" WIDTH="865" HEIGHT="49">
						<String ID="P1_ST00658" HPOS="995" VPOS="4271" WIDTH="85" HEIGHT="38" CONTENT="H’s" WC="0.63" CC="380"/>
						<SP ID="P1_SP00521" HPOS="1080" VPOS="4309" WIDTH="44"/>
						<String ID="P1_ST00659" HPOS="1124" VPOS="4271" WIDTH="99" HEIGHT="38" CONTENT="One" WC="0.98" CC="050"/>
						<SP ID="P1_SP00522" HPOS="1224" VPOS="4309" WIDTH="46"/>
						<String ID="P1_ST00660" HPOS="1269" VPOS="4271" WIDTH="203" HEIGHT="49" CONTENT="Purpose" WC="1.00" CC="0011000"/>
						<SP ID="P1_SP00523" HPOS="1472" VPOS="4320" WIDTH="46"/>
						<String ID="P1_ST00661" HPOS="1518" VPOS="4271" WIDTH="38" HEIGHT="38" CONTENT="is" WC="0.66" CC="42"/>
						<SP ID="P1_SP00524" HPOS="1556" VPOS="4320" WIDTH="44"/>
						<String ID="P1_ST00662" HPOS="1600" VPOS="4277" WIDTH="46" HEIGHT="31" CONTENT="to" WC="1.00" CC="00"/>
						<SP ID="P1_SP00525" HPOS="1646" VPOS="4320" WIDTH="49"/>
						<String ID="P1_ST00663" HPOS="1694" VPOS="4271" WIDTH="165" HEIGHT="38" CONTENT="Defeat" WC="0.99" CC="200020"/>
					</TextLine>
					<TextLine ID="P1_TL00137" HPOS="1276" VPOS="4348" WIDTH="296" HEIGHT="38">
						<String ID="P1_ST00664" HPOS="1276" VPOS="4350" WIDTH="50" HEIGHT="36" CONTENT="R." WC="0.92" CC="01"/>
						<SP ID="P1_SP00526" HPOS="1326" VPOS="4386" WIDTH="38"/>
						<String ID="P1_ST00665" HPOS="1364" VPOS="4351" WIDTH="31" HEIGHT="35" CONTENT="I." WC="0.92" CC="01"/>
						<SP ID="P1_SP00527" HPOS="1395" VPOS="4386" WIDTH="38"/>
						<String ID="P1_ST00666" HPOS="1433" VPOS="4348" WIDTH="139" HEIGHT="38" CONTENT="State." WC="1.00" CC="004000"/>
					</TextLine>
				</TextBlock>
				<TextBlock ID="P1_TB00022" HPOS="962" VPOS="4438" WIDTH="898" HEIGHT="1498" language="en" STYLEREFS="TXT_1 PAR_LEFT">
					<TextLine ID="P1_TL00138" HPOS="1044" VPOS="4438" WIDTH="811" HEIGHT="41">
						<String ID="P1_ST00667" HPOS="1044" VPOS="4438" WIDTH="148" HEIGHT="39" CONTENT="Coach" WC="0.96" CC="68057"/>
						<SP ID="P1_SP00528" HPOS="1192" VPOS="4477" WIDTH="54"/>
						<String ID="P1_ST00668" HPOS="1246" VPOS="4439" WIDTH="217" HEIGHT="38" CONTENT="Freeman" WC="0.98" CC="6204568"/>
						<SP ID="P1_SP00529" HPOS="1463" VPOS="4477" WIDTH="46"/>
						<String ID="P1_ST00669" HPOS="1509" VPOS="4438" WIDTH="198" HEIGHT="41" CONTENT="believes" WC="0.98" CC="80001836"/>
						<SP ID="P1_SP00530" HPOS="1707" VPOS="4479" WIDTH="50"/>
						<String ID="P1_ST00670" HPOS="1757" VPOS="4439" WIDTH="98" HEIGHT="38" CONTENT="that" WC="0.97" CC="0705"/>
					</TextLine>
					<TextLine ID="P1_TL00139" HPOS="991" VPOS="4528" WIDTH="865" HEIGHT="50">
						<String ID="P1_ST00671" HPOS="991" VPOS="4528" WIDTH="200" HEIGHT="38" CONTENT="Brown’s" WC="0.97" CC="5479806"/>
						<SP ID="P1_SP00531" HPOS="1191" VPOS="4565" WIDTH="35"/>
						<String ID="P1_ST00672" HPOS="1225" VPOS="4528" WIDTH="252" HEIGHT="38" CONTENT="basketball" WC="0.98" CC="7666007944"/>
						<SP ID="P1_SP00532" HPOS="1477" VPOS="4565" WIDTH="36"/>
						<String ID="P1_ST00673" HPOS="1513" VPOS="4534" WIDTH="238" HEIGHT="44" CONTENT="prospects" WC="0.99" CC="006904406"/>
						<SP ID="P1_SP00533" HPOS="1751" VPOS="4578" WIDTH="33"/>
						<String ID="P1_ST00674" HPOS="1784" VPOS="4528" WIDTH="71" HEIGHT="38" CONTENT="for" WC="0.93" CC="664"/>
					</TextLine>
					<TextLine ID="P1_TL00140" HPOS="984" VPOS="4605" WIDTH="868" HEIGHT="52">
						<String ID="P1_ST00675" HPOS="984" VPOS="4605" WIDTH="90" HEIGHT="39" CONTENT="this" WC="0.98" CC="0710"/>
						<SP ID="P1_SP00534" HPOS="1074" VPOS="4644" WIDTH="33"/>
						<String ID="P1_ST00676" HPOS="1107" VPOS="4619" WIDTH="157" HEIGHT="25" CONTENT="season" WC="0.96" CC="905978"/>
						<SP ID="P1_SP00535" HPOS="1265" VPOS="4644" WIDTH="36"/>
						<String ID="P1_ST00677" HPOS="1301" VPOS="4619" WIDTH="74" HEIGHT="25" CONTENT="are" WC="0.96" CC="612"/>
						<SP ID="P1_SP00536" HPOS="1375" VPOS="4644" WIDTH="33"/>
						<String ID="P1_ST00678" HPOS="1408" VPOS="4619" WIDTH="109" HEIGHT="27" CONTENT="very" WC="0.97" CC="0057"/>
						<SP ID="P1_SP00537" HPOS="1517" VPOS="4646" WIDTH="35"/>
						<String ID="P1_ST00679" HPOS="1551" VPOS="4606" WIDTH="164" HEIGHT="50" CONTENT="bright." WC="0.98" CC="7039420"/>
						<SP ID="P1_SP00538" HPOS="1715" VPOS="4657" WIDTH="65"/>
						<String ID="P1_ST00680" HPOS="1780" VPOS="4605" WIDTH="72" HEIGHT="39" CONTENT="He" WC="0.65" CC="70"/>
					</TextLine>
					<TextLine ID="P1_TL00141" HPOS="962" VPOS="4649" WIDTH="3" HEIGHT="39">
						<String ID="P1_ST00681" HPOS="962" VPOS="4649" WIDTH="3" HEIGHT="39" CONTENT="!" WC="0.50" CC="4"/>
					</TextLine>
					<TextLine ID="P1_TL00142" HPOS="962" VPOS="4694" WIDTH="890" HEIGHT="46">
						<String ID="P1_ST00682" HPOS="962" VPOS="4694" WIDTH="2" HEIGHT="46" CONTENT="i" WC="0.26" CC="7"/>
						<SP ID="P1_SP00539" HPOS="964" VPOS="4740" WIDTH="19"/>
						<String ID="P1_ST00683" HPOS="983" VPOS="4694" WIDTH="153" HEIGHT="39" CONTENT="makes" WC="0.95" CC="96647"/>
						<SP ID="P1_SP00540" HPOS="1135" VPOS="4740" WIDTH="54"/>
						<String ID="P1_ST00684" HPOS="1189" VPOS="4696" WIDTH="80" HEIGHT="38" CONTENT="hut" WC="0.95" CC="760"/>
						<SP ID="P1_SP00541" HPOS="1269" VPOS="4740" WIDTH="28"/>
						<String ID="P1_ST00685" HPOS="1298" VPOS="4709" WIDTH="83" HEIGHT="25" CONTENT="one" WC="0.93" CC="766"/>
						<SP ID="P1_SP00542" HPOS="1381" VPOS="4740" WIDTH="30"/>
						<String ID="P1_ST00686" HPOS="1411" VPOS="4694" WIDTH="181" HEIGHT="41" CONTENT="definite" WC="0.99" CC="41007400"/>
						<SP ID="P1_SP00543" HPOS="1592" VPOS="4740" WIDTH="55"/>
						<String ID="P1_ST00687" HPOS="1647" VPOS="4696" WIDTH="146" HEIGHT="44" CONTENT="claim," WC="0.98" CC="057040"/>
						<String ID="P1_ST00688" HPOS="1794" VPOS="4720" WIDTH="58" HEIGHT="5" CONTENT="—" WC="0.20" CC="8"/>
					</TextLine>
					<TextLine ID="P1_TL00143" HPOS="962" VPOS="4775" WIDTH="887" HEIGHT="39">
						<String ID="P1_ST00689" HPOS="962" VPOS="4775" WIDTH="2" HEIGHT="39" CONTENT=";" WC="0.32" CC="6"/>
						<SP ID="P1_SP00544" HPOS="964" VPOS="4814" WIDTH="19"/>
						<String ID="P1_ST00690" HPOS="983" VPOS="4775" WIDTH="98" HEIGHT="38" CONTENT="that" WC="0.98" CC="0062"/>
						<SP ID="P1_SP00545" HPOS="1080" VPOS="4814" WIDTH="63"/>
						<String ID="P1_ST00691" HPOS="1143" VPOS="4775" WIDTH="164" HEIGHT="39" CONTENT="Brown" WC="0.98" CC="34028"/>
						<SP ID="P1_SP00546" HPOS="1307" VPOS="4814" WIDTH="65"/>
						<String ID="P1_ST00692" HPOS="1372" VPOS="4775" WIDTH="88" HEIGHT="38" CONTENT="will" WC="0.97" CC="9040"/>
						<SP ID="P1_SP00547" HPOS="1460" VPOS="4814" WIDTH="65"/>
						<String ID="P1_ST00693" HPOS="1524" VPOS="4775" WIDTH="102" HEIGHT="38" CONTENT="heat" WC="0.97" CC="7060"/>
						<SP ID="P1_SP00548" HPOS="1627" VPOS="4814" WIDTH="65"/>
						<String ID="P1_ST00694" HPOS="1691" VPOS="4775" WIDTH="157" HEIGHT="38" CONTENT="Rhode" WC="0.98" CC="36600"/>
					</TextLine>
					<TextLine ID="P1_TL00144" HPOS="983" VPOS="4852" WIDTH="877" HEIGHT="55">
						<String ID="P1_ST00695" HPOS="983" VPOS="4852" WIDTH="151" HEIGHT="39" CONTENT="Island" WC="0.97" CC="761760"/>
						<SP ID="P1_SP00549" HPOS="1134" VPOS="4891" WIDTH="38"/>
						<String ID="P1_ST00696" HPOS="1172" VPOS="4852" WIDTH="139" HEIGHT="39" CONTENT="State." WC="0.99" CC="614000"/>
						<SP ID="P1_SP00550" HPOS="1310" VPOS="4891" WIDTH="68"/>
						<String ID="P1_ST00697" HPOS="1378" VPOS="4854" WIDTH="71" HEIGHT="38" CONTENT="He" WC="0.67" CC="60"/>
						<SP ID="P1_SP00551" HPOS="1449" VPOS="4891" WIDTH="36"/>
						<String ID="P1_ST00698" HPOS="1485" VPOS="4854" WIDTH="94" HEIGHT="38" CONTENT="also" WC="0.96" CC="9016"/>
						<SP ID="P1_SP00552" HPOS="1580" VPOS="4891" WIDTH="38"/>
						<String ID="P1_ST00699" HPOS="1617" VPOS="4854" WIDTH="93" HEIGHT="38" CONTENT="said" WC="0.97" CC="6601"/>
						<SP ID="P1_SP00553" HPOS="1710" VPOS="4891" WIDTH="41"/>
						<String ID="P1_ST00700" HPOS="1751" VPOS="4854" WIDTH="96" HEIGHT="38" CONTENT="that" WC="0.97" CC="0092"/>
						<SP ID="P1_SP00554" HPOS="1847" VPOS="4891" WIDTH="11"/>
						<String ID="P1_ST00701" HPOS="1858" VPOS="4852" WIDTH="2" HEIGHT="55" CONTENT="j" WC="0.21" CC="7" STYLEREFS="TXT_6"/>
					</TextLine>
					<TextLine ID="P1_TL00145" HPOS="981" VPOS="4931" WIDTH="865" HEIGHT="41">
						<String ID="P1_ST00702" HPOS="981" VPOS="4931" WIDTH="124" HEIGHT="39" CONTENT="there" WC="0.96" CC="29774"/>
						<SP ID="P1_SP00555" HPOS="1106" VPOS="4970" WIDTH="63"/>
						<String ID="P1_ST00703" HPOS="1169" VPOS="4931" WIDTH="35" HEIGHT="39" CONTENT="is" WC="0.67" CC="06"/>
						<SP ID="P1_SP00556" HPOS="1203" VPOS="4970" WIDTH="35"/>
						<String ID="P1_ST00704" HPOS="1238" VPOS="4946" WIDTH="83" HEIGHT="24" CONTENT="one" WC="0.94" CC="770"/>
						<SP ID="P1_SP00557" HPOS="1321" VPOS="4970" WIDTH="65"/>
						<String ID="P1_ST00705" HPOS="1386" VPOS="4932" WIDTH="140" HEIGHT="39" CONTENT="result" WC="0.99" CC="630001"/>
						<SP ID="P1_SP00558" HPOS="1526" VPOS="4972" WIDTH="36"/>
						<String ID="P1_ST00706" HPOS="1562" VPOS="4931" WIDTH="145" HEIGHT="41" CONTENT="which" WC="0.98" CC="90311"/>
						<SP ID="P1_SP00559" HPOS="1707" VPOS="4972" WIDTH="65"/>
						<String ID="P1_ST00707" HPOS="1772" VPOS="4932" WIDTH="74" HEIGHT="39" CONTENT="the" WC="0.98" CC="060"/>
					</TextLine>
					<TextLine ID="P1_TL00146" HPOS="981" VPOS="5009" WIDTH="865" HEIGHT="52">
						<String ID="P1_ST00708" HPOS="981" VPOS="5019" WIDTH="115" HEIGHT="30" CONTENT="team" WC="0.97" CC="0274"/>
						<SP ID="P1_SP00560" HPOS="1096" VPOS="5049" WIDTH="49"/>
						<String ID="P1_ST00709" HPOS="1145" VPOS="5009" WIDTH="79" HEIGHT="39" CONTENT="has" WC="0.93" CC="666"/>
						<SP ID="P1_SP00561" HPOS="1224" VPOS="5049" WIDTH="44"/>
						<String ID="P1_ST00710" HPOS="1268" VPOS="5009" WIDTH="257" HEIGHT="52" CONTENT="absolutely" WC="0.99" CC="3736266000"/>
						<SP ID="P1_SP00562" HPOS="1524" VPOS="5061" WIDTH="44"/>
						<String ID="P1_ST00711" HPOS="1569" VPOS="5017" WIDTH="77" HEIGHT="44" CONTENT="got" WC="0.94" CC="961"/>
						<SP ID="P1_SP00563" HPOS="1646" VPOS="5061" WIDTH="47"/>
						<String ID="P1_ST00712" HPOS="1693" VPOS="5017" WIDTH="44" HEIGHT="31" CONTENT="to" WC="0.51" CC="45"/>
						<SP ID="P1_SP00564" HPOS="1737" VPOS="5061" WIDTH="46"/>
						<String ID="P1_ST00713" HPOS="1783" VPOS="5017" WIDTH="43" HEIGHT="31" CONTENT="at" SUBS_TYPE="HypPart1" SUBS_CONTENT="attain." WC="0.98" CC="00"/>
						<HYP HPOS="1825" VPOS="5017" WIDTH="20" CONTENT="-"/>
					</TextLine>
					<TextLine ID="P1_TL00147" HPOS="978" VPOS="5088" WIDTH="882" HEIGHT="43">
						<String ID="P1_ST00714" HPOS="978" VPOS="5088" WIDTH="104" HEIGHT="43" CONTENT="tain." SUBS_TYPE="HypPart2" SUBS_CONTENT="attain." WC="0.96" CC="29372"/>
						<SP ID="P1_SP00565" HPOS="1082" VPOS="5131" WIDTH="33"/>
						<String ID="P1_ST00715" HPOS="1115" VPOS="5088" WIDTH="88" HEIGHT="41" CONTENT="and" WC="0.90" CC="889"/>
						<SP ID="P1_SP00566" HPOS="1203" VPOS="5131" WIDTH="65"/>
						<String ID="P1_ST00716" HPOS="1268" VPOS="5088" WIDTH="96" HEIGHT="41" CONTENT="that" WC="0.96" CC="7281"/>
						<SP ID="P1_SP00567" HPOS="1364" VPOS="5131" WIDTH="38"/>
						<String ID="P1_ST00717" HPOS="1402" VPOS="5088" WIDTH="35" HEIGHT="41" CONTENT="is" WC="0.82" CC="03"/>
						<SP ID="P1_SP00568" HPOS="1436" VPOS="5131" WIDTH="33"/>
						<String ID="P1_ST00718" HPOS="1469" VPOS="5096" WIDTH="44" HEIGHT="33" CONTENT="to" WC="0.74" CC="50"/>
						<SP ID="P1_SP00569" HPOS="1513" VPOS="5131" WIDTH="35"/>
						<String ID="P1_ST00719" HPOS="1548" VPOS="5088" WIDTH="104" HEIGHT="41" CONTENT="heat" WC="0.97" CC="7080"/>
						<SP ID="P1_SP00570" HPOS="1652" VPOS="5131" WIDTH="61"/>
						<String ID="P1_ST00720" HPOS="1713" VPOS="5088" WIDTH="146" HEIGHT="43" CONTENT="Wes-," WC="0.99" CC="00602"/>
					</TextLine>
					<TextLine ID="P1_TL00148" HPOS="976" VPOS="5153" WIDTH="884" HEIGHT="66">
						<String ID="P1_ST00721" HPOS="976" VPOS="5169" WIDTH="142" HEIGHT="50" CONTENT="leyan." WC="0.78" CC="500070"/>
						<SP ID="P1_SP00571" HPOS="1118" VPOS="5219" WIDTH="58"/>
						<String ID="P1_ST00722" HPOS="1176" VPOS="5167" WIDTH="113" HEIGHT="43" CONTENT="This" WC="0.97" CC="0706"/>
						<SP ID="P1_SP00572" HPOS="1290" VPOS="5219" WIDTH="35"/>
						<String ID="P1_ST00723" HPOS="1324" VPOS="5167" WIDTH="170" HEIGHT="52" CONTENT="victory" WC="0.99" CC="3000660"/>
						<SP ID="P1_SP00573" HPOS="1494" VPOS="5219" WIDTH="33"/>
						<String ID="P1_ST00724" HPOS="1528" VPOS="5169" WIDTH="145" HEIGHT="39" CONTENT="looms" WC="0.98" CC="04105"/>
						<SP ID="P1_SP00574" HPOS="1672" VPOS="5219" WIDTH="31"/>
						<String ID="P1_ST00725" HPOS="1704" VPOS="5183" WIDTH="57" HEIGHT="36" CONTENT="up" WC="0.60" CC="70"/>
						<SP ID="P1_SP00575" HPOS="1761" VPOS="5219" WIDTH="33"/>
						<String ID="P1_ST00726" HPOS="1794" VPOS="5181" WIDTH="49" HEIGHT="27" CONTENT="as" WC="0.86" CC="20"/>
						<SP ID="P1_SP00576" HPOS="1843" VPOS="5219" WIDTH="16"/>
						<String ID="P1_ST00727" HPOS="1858" VPOS="5153" WIDTH="2" HEIGHT="66" CONTENT="I" WC="0.36" CC="6"/>
					</TextLine>
					<TextLine ID="P1_TL00149" HPOS="972" VPOS="5247" WIDTH="866" HEIGHT="51">
						<String ID="P1_ST00728" HPOS="972" VPOS="5261" WIDTH="22" HEIGHT="25" CONTENT="a" WC="0.75" CC="2"/>
						<SP ID="P1_SP00577" HPOS="994" VPOS="5287" WIDTH="28"/>
						<String ID="P1_ST00729" HPOS="1022" VPOS="5247" WIDTH="227" HEIGHT="50" CONTENT="necessity" WC="0.99" CC="800050500"/>
						<SP ID="P1_SP00578" HPOS="1249" VPOS="5298" WIDTH="30"/>
						<String ID="P1_ST00730" HPOS="1279" VPOS="5254" WIDTH="46" HEIGHT="31" CONTENT="to" WC="0.43" CC="46"/>
						<SP ID="P1_SP00579" HPOS="1324" VPOS="5298" WIDTH="28"/>
						<String ID="P1_ST00731" HPOS="1353" VPOS="5247" WIDTH="104" HEIGHT="43" CONTENT="him," WC="0.98" CC="6300"/>
						<SP ID="P1_SP00580" HPOS="1457" VPOS="5298" WIDTH="30"/>
						<String ID="P1_ST00732" HPOS="1487" VPOS="5247" WIDTH="192" HEIGHT="39" CONTENT="because" WC="0.98" CC="7007601"/>
						<SP ID="P1_SP00581" HPOS="1679" VPOS="5298" WIDTH="30"/>
						<String ID="P1_ST00733" HPOS="1709" VPOS="5247" WIDTH="129" HEIGHT="39" CONTENT="when" WC="0.98" CC="0007"/>
					</TextLine>
					<TextLine ID="P1_TL00150" HPOS="973" VPOS="5324" WIDTH="866" HEIGHT="52">
						<String ID="P1_ST00734" HPOS="973" VPOS="5328" WIDTH="54" HEIGHT="38" CONTENT="he" WC="0.67" CC="60"/>
						<SP ID="P1_SP00582" HPOS="1027" VPOS="5365" WIDTH="36"/>
						<String ID="P1_ST00735" HPOS="1063" VPOS="5324" WIDTH="236" HEIGHT="52" CONTENT="captained" WC="0.98" CC="060056767"/>
						<SP ID="P1_SP00583" HPOS="1299" VPOS="5376" WIDTH="36"/>
						<String ID="P1_ST00736" HPOS="1335" VPOS="5326" WIDTH="76" HEIGHT="39" CONTENT="the" WC="0.96" CC="351"/>
						<SP ID="P1_SP00584" HPOS="1411" VPOS="5376" WIDTH="35"/>
						<String ID="P1_ST00737" HPOS="1446" VPOS="5324" WIDTH="231" HEIGHT="41" CONTENT="William's" WC="0.99" CC="700060500"/>
						<SP ID="P1_SP00585" HPOS="1677" VPOS="5376" WIDTH="35"/>
						<String ID="P1_ST00738" HPOS="1712" VPOS="5326" WIDTH="102" HEIGHT="50" CONTENT="quin" SUBS_TYPE="HypPart1" SUBS_CONTENT="quintet" WC="0.98" CC="0066"/>
						<HYP HPOS="1814" VPOS="5326" WIDTH="25" CONTENT="-"/>
					</TextLine>
					<TextLine ID="P1_TL00151" HPOS="973" VPOS="5403" WIDTH="865" HEIGHT="52">
						<String ID="P1_ST00739" HPOS="973" VPOS="5411" WIDTH="63" HEIGHT="33" CONTENT="tet" SUBS_TYPE="HypPart2" SUBS_CONTENT="quintet" WC="0.99" CC="101"/>
						<SP ID="P1_SP00586" HPOS="1036" VPOS="5444" WIDTH="30"/>
						<String ID="P1_ST00740" HPOS="1066" VPOS="5405" WIDTH="39" HEIGHT="38" CONTENT="in" WC="0.63" CC="07"/>
						<SP ID="P1_SP00587" HPOS="1106" VPOS="5444" WIDTH="31"/>
						<String ID="P1_ST00741" HPOS="1137" VPOS="5405" WIDTH="66" HEIGHT="39" CONTENT="his" WC="0.93" CC="809"/>
						<SP ID="P1_SP00588" HPOS="1203" VPOS="5444" WIDTH="30"/>
						<String ID="P1_ST00742" HPOS="1233" VPOS="5403" WIDTH="150" HEIGHT="41" CONTENT="senior" WC="0.98" CC="608700"/>
						<SP ID="P1_SP00589" HPOS="1383" VPOS="5444" WIDTH="27"/>
						<String ID="P1_ST00743" HPOS="1409" VPOS="5419" WIDTH="120" HEIGHT="36" CONTENT="year," WC="0.98" CC="90340"/>
						<SP ID="P1_SP00590" HPOS="1529" VPOS="5455" WIDTH="28"/>
						<String ID="P1_ST00744" HPOS="1557" VPOS="5405" WIDTH="54" HEIGHT="39" CONTENT="he" WC="0.84" CC="30"/>
						<SP ID="P1_SP00591" HPOS="1611" VPOS="5455" WIDTH="27"/>
						<String ID="P1_ST00745" HPOS="1638" VPOS="5419" WIDTH="93" HEIGHT="25" CONTENT="was" WC="0.93" CC="990"/>
						<SP ID="P1_SP00592" HPOS="1731" VPOS="5455" WIDTH="28"/>
						<String ID="P1_ST00746" HPOS="1759" VPOS="5419" WIDTH="54" HEIGHT="25" CONTENT="un" SUBS_TYPE="HypPart1" SUBS_CONTENT="unable" WC="0.97" CC="16"/>
						<HYP HPOS="1813" VPOS="5419" WIDTH="25" CONTENT="-"/>
					</TextLine>
					<TextLine ID="P1_TL00152" HPOS="969" VPOS="5482" WIDTH="866" HEIGHT="52">
						<String ID="P1_ST00747" HPOS="969" VPOS="5482" WIDTH="98" HEIGHT="41" CONTENT="able" SUBS_TYPE="HypPart2" SUBS_CONTENT="unable" WC="0.96" CC="5752"/>
						<SP ID="P1_SP00593" HPOS="1066" VPOS="5523" WIDTH="30"/>
						<String ID="P1_ST00748" HPOS="1096" VPOS="5490" WIDTH="44" HEIGHT="33" CONTENT="to" WC="0.80" CC="04"/>
						<SP ID="P1_SP00594" HPOS="1140" VPOS="5523" WIDTH="28"/>
						<String ID="P1_ST00749" HPOS="1169" VPOS="5490" WIDTH="76" HEIGHT="44" CONTENT="get" WC="0.95" CC="904"/>
						<SP ID="P1_SP00595" HPOS="1244" VPOS="5534" WIDTH="30"/>
						<String ID="P1_ST00750" HPOS="1274" VPOS="5483" WIDTH="94" HEIGHT="39" CONTENT="into" WC="0.96" CC="0539"/>
						<SP ID="P1_SP00596" HPOS="1369" VPOS="5534" WIDTH="27"/>
						<String ID="P1_ST00751" HPOS="1395" VPOS="5483" WIDTH="142" HEIGHT="39" CONTENT="either" WC="0.99" CC="002500"/>
						<SP ID="P1_SP00597" HPOS="1537" VPOS="5534" WIDTH="28"/>
						<String ID="P1_ST00752" HPOS="1565" VPOS="5483" WIDTH="46" HEIGHT="39" CONTENT="of" WC="0.68" CC="06"/>
						<SP ID="P1_SP00598" HPOS="1611" VPOS="5534" WIDTH="27"/>
						<String ID="P1_ST00753" HPOS="1638" VPOS="5483" WIDTH="76" HEIGHT="39" CONTENT="the" WC="0.96" CC="540"/>
						<SP ID="P1_SP00599" HPOS="1713" VPOS="5534" WIDTH="28"/>
						<String ID="P1_ST00754" HPOS="1742" VPOS="5490" WIDTH="93" HEIGHT="33" CONTENT="two" WC="0.97" CC="105"/>
					</TextLine>
					<TextLine ID="P1_TL00153" HPOS="967" VPOS="5562" WIDTH="868" HEIGHT="52">
						<String ID="P1_ST00755" HPOS="967" VPOS="5575" WIDTH="157" HEIGHT="39" CONTENT="games" WC="0.97" CC="75600"/>
						<SP ID="P1_SP00600" HPOS="1124" VPOS="5614" WIDTH="31"/>
						<String ID="P1_ST00756" HPOS="1156" VPOS="5562" WIDTH="178" HEIGHT="50" CONTENT="against" WC="0.97" CC="6970760"/>
						<SP ID="P1_SP00601" HPOS="1334" VPOS="5614" WIDTH="49"/>
						<String ID="P1_ST00757" HPOS="1383" VPOS="5562" WIDTH="246" HEIGHT="50" CONTENT="Wesleyan" WC="0.99" CC="00010048"/>
						<SP ID="P1_SP00602" HPOS="1628" VPOS="5614" WIDTH="33"/>
						<String ID="P1_ST00758" HPOS="1661" VPOS="5576" WIDTH="57" HEIGHT="25" CONTENT="on" WC="1.00" CC="00"/>
						<SP ID="P1_SP00603" HPOS="1718" VPOS="5614" WIDTH="47"/>
						<String ID="P1_ST00759" HPOS="1765" VPOS="5576" WIDTH="47" HEIGHT="25" CONTENT="ac" SUBS_TYPE="HypPart1" SUBS_CONTENT="account" WC="0.97" CC="20"/>
						<HYP HPOS="1813" VPOS="5576" WIDTH="22" CONTENT="-"/>
					</TextLine>
					<TextLine ID="P1_TL00154" HPOS="965" VPOS="5641" WIDTH="866" HEIGHT="40">
						<String ID="P1_ST00760" HPOS="965" VPOS="5649" WIDTH="135" HEIGHT="31" CONTENT="count" SUBS_TYPE="HypPart2" SUBS_CONTENT="account" WC="0.97" CC="01783"/>
						<SP ID="P1_SP00604" HPOS="1101" VPOS="5680" WIDTH="30"/>
						<String ID="P1_ST00761" HPOS="1131" VPOS="5643" WIDTH="46" HEIGHT="38" CONTENT="of" WC="0.68" CC="32"/>
						<SP ID="P1_SP00605" HPOS="1176" VPOS="5680" WIDTH="31"/>
						<String ID="P1_ST00762" HPOS="1208" VPOS="5655" WIDTH="22" HEIGHT="25" CONTENT="a" WC="1.00" CC="0"/>
						<SP ID="P1_SP00606" HPOS="1230" VPOS="5680" WIDTH="31"/>
						<String ID="P1_ST00763" HPOS="1261" VPOS="5643" WIDTH="85" HEIGHT="38" CONTENT="bad" WC="0.99" CC="120"/>
						<SP ID="P1_SP00607" HPOS="1346" VPOS="5680" WIDTH="30"/>
						<String ID="P1_ST00764" HPOS="1376" VPOS="5643" WIDTH="124" HEIGHT="38" CONTENT="knee." WC="0.99" CC="42000"/>
						<SP ID="P1_SP00608" HPOS="1501" VPOS="5680" WIDTH="65"/>
						<String ID="P1_ST00765" HPOS="1565" VPOS="5641" WIDTH="115" HEIGHT="39" CONTENT="Now" WC="0.97" CC="404"/>
						<SP ID="P1_SP00609" HPOS="1680" VPOS="5680" WIDTH="30"/>
						<String ID="P1_ST00766" HPOS="1710" VPOS="5643" WIDTH="54" HEIGHT="38" CONTENT="he" WC="0.69" CC="60"/>
						<SP ID="P1_SP00610" HPOS="1764" VPOS="5680" WIDTH="31"/>
						<String ID="P1_ST00767" HPOS="1795" VPOS="5641" WIDTH="36" HEIGHT="39" CONTENT="is" WC="0.69" CC="60"/>
					</TextLine>
					<TextLine ID="P1_TL00155" HPOS="964" VPOS="5721" WIDTH="865" HEIGHT="52">
						<String ID="P1_ST00768" HPOS="964" VPOS="5729" WIDTH="79" HEIGHT="31" CONTENT="out" WC="0.96" CC="540"/>
						<SP ID="P1_SP00611" HPOS="1043" VPOS="5761" WIDTH="63"/>
						<String ID="P1_ST00769" HPOS="1106" VPOS="5721" WIDTH="68" HEIGHT="39" CONTENT="for" WC="0.95" CC="723"/>
						<SP ID="P1_SP00612" HPOS="1173" VPOS="5761" WIDTH="65"/>
						<String ID="P1_ST00770" HPOS="1238" VPOS="5734" WIDTH="192" HEIGHT="39" CONTENT="revenge" WC="0.99" CC="1060670"/>
						<SP ID="P1_SP00613" HPOS="1430" VPOS="5773" WIDTH="63"/>
						<String ID="P1_ST00771" HPOS="1493" VPOS="5721" WIDTH="197" HEIGHT="52" CONTENT="through" WC="0.98" CC="1300894"/>
						<SP ID="P1_SP00614" HPOS="1690" VPOS="5773" WIDTH="66"/>
						<String ID="P1_ST00772" HPOS="1756" VPOS="5721" WIDTH="72" HEIGHT="39" CONTENT="the" WC="0.98" CC="060"/>
					</TextLine>
					<TextLine ID="P1_TL00156" HPOS="962" VPOS="5800" WIDTH="867" HEIGHT="54">
						<String ID="P1_ST00773" HPOS="962" VPOS="5816" WIDTH="173" HEIGHT="38" CONTENT="agency" WC="0.97" CC="690840"/>
						<SP ID="P1_SP00615" HPOS="1135" VPOS="5854" WIDTH="33"/>
						<String ID="P1_ST00774" HPOS="1169" VPOS="5800" WIDTH="46" HEIGHT="38" CONTENT="of" WC="0.20" CC="87"/>
						<SP ID="P1_SP00616" HPOS="1214" VPOS="5854" WIDTH="60"/>
						<String ID="P1_ST00775" HPOS="1274" VPOS="5802" WIDTH="76" HEIGHT="39" CONTENT="the" WC="0.97" CC="070"/>
						<SP ID="P1_SP00617" HPOS="1350" VPOS="5854" WIDTH="11"/>
						<String ID="P1_ST00776" HPOS="1361" VPOS="5800" WIDTH="187" HEIGHT="54" CONTENT="-Brown" WC="0.98" CC="710306"/>
						<SP ID="P1_SP00618" HPOS="1548" VPOS="5854" WIDTH="57"/>
						<String ID="P1_ST00777" HPOS="1605" VPOS="5813" WIDTH="197" HEIGHT="39" CONTENT="aggrega" SUBS_TYPE="HypPart1" SUBS_CONTENT="aggregation." WC="0.97" CC="7994579"/>
						<HYP HPOS="1802" VPOS="5813" WIDTH="27" CONTENT="-"/>
					</TextLine>
					<TextLine ID="P1_TL00157" HPOS="964" VPOS="5880" WIDTH="106" HEIGHT="41">
						<String ID="P1_ST00778" HPOS="964" VPOS="5880" WIDTH="106" HEIGHT="41" CONTENT="tion." SUBS_TYPE="HypPart2" SUBS_CONTENT="aggregation." WC="0.98" CC="00770"/>
					</TextLine>
				</TextBlock>
				<TextBlock ID="P1_TB00023" HPOS="1912" VPOS="757" WIDTH="866" HEIGHT="391" language="en" STYLEREFS="TXT_3 PAR_LEFT">
					<TextLine ID="P1_TL00158" HPOS="1912" VPOS="757" WIDTH="570" HEIGHT="103">
						<String ID="P1_ST00779" HPOS="1912" VPOS="757" WIDTH="312" HEIGHT="102" CONTENT="ZECKARIAH" WC="0.59" CC="056774022"/>
						<SP ID="P1_SP00619" HPOS="2224" VPOS="860" WIDTH="50"/>
						<String ID="P1_ST00780" HPOS="2274" VPOS="761" WIDTH="208" HEIGHT="99" CONTENT="CHAEEE" WC="0.44" CC="650767"/>
					</TextLine>
					<TextLine ID="P1_TL00159" HPOS="2093" VPOS="906" WIDTH="554" HEIGHT="101">
						<String ID="P1_ST00781" HPOS="2093" VPOS="906" WIDTH="208" HEIGHT="101" CONTENT="SLUED" WC="0.95" CC="87877" STYLEREFS="TXT_7"/>
						<SP ID="P1_SP00620" HPOS="2301" VPOS="1006" WIDTH="49"/>
						<String ID="P1_ST00782" HPOS="2350" VPOS="907" WIDTH="66" HEIGHT="99" CONTENT="ID" WC="0.13" CC="88" STYLEREFS="TXT_7"/>
						<SP ID="P1_SP00621" HPOS="2416" VPOS="1006" WIDTH="54"/>
						<String ID="P1_ST00783" HPOS="2469" VPOS="907" WIDTH="178" HEIGHT="99" CONTENT="SPEAK" WC="0.96" CC="65298" STYLEREFS="TXT_7"/>
					</TextLine>
					<TextLine ID="P1_TL00160" HPOS="2200" VPOS="1049" WIDTH="578" HEIGHT="99">
						<String ID="P1_ST00784" HPOS="2200" VPOS="1049" WIDTH="72" HEIGHT="99" CONTENT="ON" WC="0.38" CC="66"/>
						<SP ID="P1_SP00622" HPOS="2272" VPOS="1148" WIDTH="52"/>
						<String ID="P1_ST00785" HPOS="2324" VPOS="1049" WIDTH="241" HEIGHT="99" CONTENT="COLLEGE" WC="0.97" CC="7777767"/>
						<SP ID="P1_SP00623" HPOS="2565" VPOS="1148" WIDTH="50"/>
						<String ID="P1_ST00786" HPOS="2616" VPOS="1052" WIDTH="162" HEIGHT="96" CONTENT="HIGHI" WC="0.28" CC="83878" STYLEREFS="TXT_7"/>
					</TextLine>
				</TextBlock>
				<TextBlock ID="P1_TB00024" HPOS="1912" VPOS="1247" WIDTH="863" HEIGHT="123" language="en" STYLEREFS="TXT_4 PAR_LEFT">
					<TextLine ID="P1_TL00161" HPOS="1912" VPOS="1249" WIDTH="863" HEIGHT="43">
						<String ID="P1_ST00787" HPOS="1912" VPOS="1249" WIDTH="312" HEIGHT="39" CONTENT="FREEDOM" WC="0.99" CC="0600300"/>
						<SP ID="P1_SP00624" HPOS="2224" VPOS="1288" WIDTH="49"/>
						<String ID="P1_ST00788" HPOS="2272" VPOS="1250" WIDTH="82" HEIGHT="38" CONTENT="OF" WC="1.00" CC="00"/>
						<SP ID="P1_SP00625" HPOS="2354" VPOS="1288" WIDTH="47"/>
						<String ID="P1_ST00789" HPOS="2402" VPOS="1250" WIDTH="243" HEIGHT="41" CONTENT="SPEECH" WC="0.99" CC="050005"/>
						<SP ID="P1_SP00626" HPOS="2644" VPOS="1291" WIDTH="49"/>
						<String ID="P1_ST00790" HPOS="2693" VPOS="1252" WIDTH="82" HEIGHT="39" CONTENT="TO" WC="1.00" CC="00"/>
					</TextLine>
					<TextLine ID="P1_TL00162" HPOS="2110" VPOS="1331" WIDTH="465" HEIGHT="39">
						<String ID="P1_ST00791" HPOS="2110" VPOS="1331" WIDTH="79" HEIGHT="36" CONTENT="BE" WC="0.78" CC="40"/>
						<SP ID="P1_SP00627" HPOS="2189" VPOS="1367" WIDTH="39"/>
						<String ID="P1_ST00792" HPOS="2228" VPOS="1331" WIDTH="106" HEIGHT="38" CONTENT="HIS" WC="0.98" CC="400"/>
						<SP ID="P1_SP00628" HPOS="2334" VPOS="1369" WIDTH="36"/>
						<String ID="P1_ST00793" HPOS="2370" VPOS="1331" WIDTH="205" HEIGHT="39" CONTENT="TOPIC." WC="1.00" CC="000002"/>
					</TextLine>
				</TextBlock>
				<TextBlock ID="P1_TB00025" HPOS="1910" VPOS="1461" WIDTH="865" HEIGHT="202" language="en" STYLEREFS="TXT_4 PAR_LEFT">
					<TextLine ID="P1_TL00163" HPOS="1910" VPOS="1463" WIDTH="865" HEIGHT="54">
						<String ID="P1_ST00794" HPOS="1910" VPOS="1463" WIDTH="187" HEIGHT="41" CONTENT="Former" WC="0.97" CC="627406"/>
						<SP ID="P1_SP00629" HPOS="2098" VPOS="1504" WIDTH="36"/>
						<String ID="P1_ST00795" HPOS="2134" VPOS="1466" WIDTH="167" HEIGHT="39" CONTENT="Brown" WC="0.98" CC="44002"/>
						<SP ID="P1_SP00630" HPOS="2301" VPOS="1506" WIDTH="38"/>
						<String ID="P1_ST00796" HPOS="2339" VPOS="1468" WIDTH="109" HEIGHT="38" CONTENT="Man" WC="0.99" CC="003"/>
						<SP ID="P1_SP00631" HPOS="2447" VPOS="1506" WIDTH="38"/>
						<String ID="P1_ST00797" HPOS="2485" VPOS="1466" WIDTH="195" HEIGHT="39" CONTENT="Secured" WC="1.00" CC="0003000"/>
						<SP ID="P1_SP00632" HPOS="2680" VPOS="1506" WIDTH="36"/>
						<String ID="P1_ST00798" HPOS="2717" VPOS="1469" WIDTH="58" HEIGHT="47" CONTENT="by" WC="0.85" CC="02"/>
					</TextLine>
					<TextLine ID="P1_TL00164" HPOS="1965" VPOS="1543" WIDTH="755" HEIGHT="41">
						<String ID="P1_ST00799" HPOS="1965" VPOS="1543" WIDTH="272" HEIGHT="39" CONTENT="Economics" WC="0.99" CC="023633400"/>
						<SP ID="P1_SP00633" HPOS="2238" VPOS="1583" WIDTH="52"/>
						<String ID="P1_ST00800" HPOS="2290" VPOS="1545" WIDTH="430" HEIGHT="39" CONTENT="Club.—Professor" WC="1.00" CC="054008600400106"/>
					</TextLine>
					<TextLine ID="P1_TL00165" HPOS="2191" VPOS="1625" WIDTH="302" HEIGHT="38">
						<String ID="P1_ST00801" HPOS="2191" VPOS="1633" WIDTH="46" HEIGHT="30" CONTENT="at" WC="0.51" CC="44"/>
						<SP ID="P1_SP00634" HPOS="2236" VPOS="1663" WIDTH="35"/>
						<String ID="P1_ST00802" HPOS="2271" VPOS="1625" WIDTH="222" HEIGHT="38" CONTENT="Harvard." WC="1.00" CC="31010000"/>
					</TextLine>
				</TextBlock>
				<TextBlock ID="P1_TB00026" HPOS="1885" VPOS="1701" WIDTH="890" HEIGHT="1271" language="en" STYLEREFS="TXT_1 PAR_BLOCK">
					<TextLine ID="P1_TL00166" HPOS="1969" VPOS="1704" WIDTH="803" HEIGHT="52">
						<String ID="P1_ST00803" HPOS="1969" VPOS="1704" WIDTH="216" HEIGHT="38" CONTENT="Freedom" WC="0.97" CC="7077789"/>
						<SP ID="P1_SP00635" HPOS="2184" VPOS="1742" WIDTH="31"/>
						<String ID="P1_ST00804" HPOS="2216" VPOS="1704" WIDTH="47" HEIGHT="38" CONTENT="of" WC="0.30" CC="76"/>
						<SP ID="P1_SP00636" HPOS="2263" VPOS="1742" WIDTH="33"/>
						<String ID="P1_ST00805" HPOS="2296" VPOS="1706" WIDTH="159" HEIGHT="50" CONTENT="speech" WC="0.97" CC="764016"/>
						<SP ID="P1_SP00637" HPOS="2455" VPOS="1756" WIDTH="35"/>
						<String ID="P1_ST00806" HPOS="2490" VPOS="1706" WIDTH="88" HEIGHT="39" CONTENT="will" WC="0.96" CC="9170"/>
						<SP ID="P1_SP00638" HPOS="2578" VPOS="1756" WIDTH="35"/>
						<String ID="P1_ST00807" HPOS="2613" VPOS="1706" WIDTH="52" HEIGHT="41" CONTENT="be" WC="0.32" CC="67"/>
						<SP ID="P1_SP00639" HPOS="2665" VPOS="1756" WIDTH="35"/>
						<String ID="P1_ST00808" HPOS="2699" VPOS="1706" WIDTH="72" HEIGHT="41" CONTENT="the" WC="0.98" CC="023"/>
					</TextLine>
					<TextLine ID="P1_TL00167" HPOS="1887" VPOS="1772" WIDTH="885" HEIGHT="54">
						<String ID="P1_ST00809" HPOS="1887" VPOS="1772" WIDTH="3" HEIGHT="54" CONTENT="!" WC="0.26" CC="7"/>
						<SP ID="P1_SP00640" HPOS="1890" VPOS="1825" WIDTH="19"/>
						<String ID="P1_ST00810" HPOS="1909" VPOS="1772" WIDTH="176" HEIGHT="50" CONTENT="subject" WC="0.97" CC="9374266"/>
						<SP ID="P1_SP00641" HPOS="2085" VPOS="1825" WIDTH="30"/>
						<String ID="P1_ST00811" HPOS="2115" VPOS="1772" WIDTH="46" HEIGHT="38" CONTENT="of" WC="0.33" CC="76"/>
						<SP ID="P1_SP00642" HPOS="2161" VPOS="1825" WIDTH="60"/>
						<String ID="P1_ST00812" HPOS="2220" VPOS="1786" WIDTH="22" HEIGHT="25" CONTENT="a" WC="0.98" CC="0"/>
						<SP ID="P1_SP00643" HPOS="2243" VPOS="1825" WIDTH="30"/>
						<String ID="P1_ST00813" HPOS="2272" VPOS="1773" WIDTH="93" HEIGHT="38" CONTENT="talk" WC="0.96" CC="2652"/>
						<SP ID="P1_SP00644" HPOS="2365" VPOS="1825" WIDTH="28"/>
						<String ID="P1_ST00814" HPOS="2394" VPOS="1781" WIDTH="106" HEIGHT="31" CONTENT="next" WC="0.96" CC="5085"/>
						<SP ID="P1_SP00645" HPOS="2499" VPOS="1825" WIDTH="60"/>
						<String ID="P1_ST00815" HPOS="2559" VPOS="1775" WIDTH="213" HEIGHT="50" CONTENT="Tuesday" WC="0.98" CC="0867910"/>
					</TextLine>
					<TextLine ID="P1_TL00168" HPOS="1887" VPOS="1827" WIDTH="885" HEIGHT="65">
						<String ID="P1_ST00816" HPOS="1887" VPOS="1827" WIDTH="3" HEIGHT="65" CONTENT="j" WC="0.31" CC="6"/>
						<SP ID="P1_SP00646" HPOS="1890" VPOS="1891" WIDTH="17"/>
						<String ID="P1_ST00817" HPOS="1907" VPOS="1839" WIDTH="194" HEIGHT="52" CONTENT="evening" WC="0.97" CC="4467089"/>
						<SP ID="P1_SP00647" HPOS="2101" VPOS="1891" WIDTH="30"/>
						<String ID="P1_ST00818" HPOS="2131" VPOS="1839" WIDTH="57" HEIGHT="50" CONTENT="by" WC="0.63" CC="70"/>
						<SP ID="P1_SP00648" HPOS="2187" VPOS="1891" WIDTH="33"/>
						<String ID="P1_ST00819" HPOS="2220" VPOS="1841" WIDTH="246" HEIGHT="39" CONTENT="Zechariah" WC="0.46" CC="556166466"/>
						<SP ID="P1_SP00649" HPOS="2466" VPOS="1891" WIDTH="33"/>
						<String ID="P1_ST00820" HPOS="2499" VPOS="1843" WIDTH="165" HEIGHT="39" CONTENT="Chafee" WC="0.80" CC="210016"/>
						<SP ID="P1_SP00650" HPOS="2665" VPOS="1891" WIDTH="33"/>
						<String ID="P1_ST00821" HPOS="2698" VPOS="1843" WIDTH="74" HEIGHT="39" CONTENT="'O7." WC="0.70" CC="0560"/>
					</TextLine>
					<TextLine ID="P1_TL00169" HPOS="1907" VPOS="1909" WIDTH="866" HEIGHT="54">
						<String ID="P1_ST00822" HPOS="1907" VPOS="1909" WIDTH="96" HEIGHT="39" CONTENT="The" WC="0.96" CC="036"/>
						<SP ID="P1_SP00651" HPOS="2003" VPOS="1948" WIDTH="31"/>
						<String ID="P1_ST00823" HPOS="2035" VPOS="1909" WIDTH="186" HEIGHT="39" CONTENT="address" WC="0.98" CC="5000475"/>
						<SP ID="P1_SP00652" HPOS="2220" VPOS="1948" WIDTH="33"/>
						<String ID="P1_ST00824" HPOS="2254" VPOS="1910" WIDTH="88" HEIGHT="38" CONTENT="will" WC="0.97" CC="0506"/>
						<SP ID="P1_SP00653" HPOS="2342" VPOS="1948" WIDTH="33"/>
						<String ID="P1_ST00825" HPOS="2375" VPOS="1910" WIDTH="52" HEIGHT="39" CONTENT="be" WC="0.63" CC="70"/>
						<SP ID="P1_SP00654" HPOS="2427" VPOS="1950" WIDTH="30"/>
						<String ID="P1_ST00826" HPOS="2457" VPOS="1910" WIDTH="134" HEIGHT="52" CONTENT="given" WC="0.98" CC="00508"/>
						<SP ID="P1_SP00655" HPOS="2591" VPOS="1962" WIDTH="35"/>
						<String ID="P1_ST00827" HPOS="2625" VPOS="1912" WIDTH="39" HEIGHT="38" CONTENT="in" WC="0.33" CC="67"/>
						<SP ID="P1_SP00656" HPOS="2665" VPOS="1962" WIDTH="36"/>
						<String ID="P1_ST00828" HPOS="2701" VPOS="1912" WIDTH="72" HEIGHT="38" CONTENT="the" WC="0.96" CC="460"/>
					</TextLine>
					<TextLine ID="P1_TL00170" HPOS="1915" VPOS="1976" WIDTH="860" HEIGHT="46">
						<String ID="P1_ST00829" HPOS="1915" VPOS="1976" WIDTH="148" HEIGHT="41" CONTENT="Union" WC="0.95" CC="78477"/>
						<SP ID="P1_SP00657" HPOS="2063" VPOS="2017" WIDTH="44"/>
						<String ID="P1_ST00830" HPOS="2107" VPOS="1984" WIDTH="44" HEIGHT="33" CONTENT="at" WC="0.43" CC="73"/>
						<SP ID="P1_SP00658" HPOS="2151" VPOS="2017" WIDTH="43"/>
						<String ID="P1_ST00831" HPOS="2194" VPOS="1978" WIDTH="104" HEIGHT="39" CONTENT="8:00" WC="0.47" CC="4645"/>
						<SP ID="P1_SP00659" HPOS="2298" VPOS="2017" WIDTH="44"/>
						<String ID="P1_ST00832" HPOS="2342" VPOS="1978" WIDTH="183" HEIGHT="44" CONTENT="o’clock," WC="0.98" CC="88010650"/>
						<SP ID="P1_SP00660" HPOS="2524" VPOS="2022" WIDTH="44"/>
						<String ID="P1_ST00833" HPOS="2569" VPOS="1981" WIDTH="87" HEIGHT="38" CONTENT="and" WC="0.97" CC="160"/>
						<SP ID="P1_SP00661" HPOS="2655" VPOS="2022" WIDTH="46"/>
						<String ID="P1_ST00834" HPOS="2701" VPOS="1981" WIDTH="74" HEIGHT="38" CONTENT="the" WC="0.97" CC="060"/>
					</TextLine>
					<TextLine ID="P1_TL00171" HPOS="1885" VPOS="2044" WIDTH="887" HEIGHT="57">
						<String ID="P1_ST00835" HPOS="1885" VPOS="2044" WIDTH="3" HEIGHT="57" CONTENT=";" WC="0.31" CC="6"/>
						<SP ID="P1_SP00662" HPOS="1888" VPOS="2101" WIDTH="19"/>
						<String ID="P1_ST00836" HPOS="1907" VPOS="2044" WIDTH="208" HEIGHT="41" CONTENT="occasion" WC="0.98" CC="50069377"/>
						<SP ID="P1_SP00663" HPOS="2115" VPOS="2101" WIDTH="28"/>
						<String ID="P1_ST00837" HPOS="2143" VPOS="2046" WIDTH="88" HEIGHT="39" CONTENT="will" WC="0.97" CC="9030"/>
						<SP ID="P1_SP00664" HPOS="2231" VPOS="2101" WIDTH="25"/>
						<String ID="P1_ST00838" HPOS="2257" VPOS="2046" WIDTH="52" HEIGHT="41" CONTENT="he" WC="0.28" CC="76"/>
						<SP ID="P1_SP00665" HPOS="2309" VPOS="2101" WIDTH="25"/>
						<String ID="P1_ST00839" HPOS="2334" VPOS="2061" WIDTH="24" HEIGHT="25" CONTENT="a" WC="0.53" CC="4"/>
						<SP ID="P1_SP00666" HPOS="2357" VPOS="2101" WIDTH="25"/>
						<String ID="P1_ST00840" HPOS="2383" VPOS="2049" WIDTH="180" HEIGHT="49" CONTENT="regular" WC="0.98" CC="0597230"/>
						<SP ID="P1_SP00667" HPOS="2562" VPOS="2101" WIDTH="25"/>
						<String ID="P1_ST00841" HPOS="2587" VPOS="2046" WIDTH="184" HEIGHT="55" CONTENT="College" WC="0.98" CC="5600491"/>
					</TextLine>
					<TextLine ID="P1_TL00172" HPOS="1885" VPOS="2113" WIDTH="888" HEIGHT="52">
						<String ID="P1_ST00842" HPOS="1885" VPOS="2113" WIDTH="3" HEIGHT="52" CONTENT=";" WC="0.24" CC="7"/>
						<SP ID="P1_SP00668" HPOS="1888" VPOS="2165" WIDTH="22"/>
						<String ID="P1_ST00843" HPOS="1910" VPOS="2113" WIDTH="154" HEIGHT="52" CONTENT="Night." WC="0.97" CC="940670"/>
						<SP ID="P1_SP00669" HPOS="2065" VPOS="2165" WIDTH="77"/>
						<String ID="P1_ST00844" HPOS="2142" VPOS="2113" WIDTH="83" HEIGHT="41" CONTENT="Mr." WC="0.98" CC="030"/>
						<SP ID="P1_SP00670" HPOS="2225" VPOS="2165" WIDTH="74"/>
						<String ID="P1_ST00845" HPOS="2299" VPOS="2115" WIDTH="208" HEIGHT="41" CONTENT="Chafee’s" WC="0.63" CC="90510704"/>
						<SP ID="P1_SP00671" HPOS="2507" VPOS="2165" WIDTH="71"/>
						<String ID="P1_ST00846" HPOS="2578" VPOS="2117" WIDTH="195" HEIGHT="41" CONTENT="services" WC="0.99" CC="64050000"/>
					</TextLine>
					<TextLine ID="P1_TL00173" HPOS="1885" VPOS="2181" WIDTH="885" HEIGHT="55">
						<String ID="P1_ST00847" HPOS="1885" VPOS="2181" WIDTH="134" HEIGHT="55" CONTENT=":have" WC="0.72" CC="44040"/>
						<SP ID="P1_SP00672" HPOS="2019" VPOS="2236" WIDTH="36"/>
						<String ID="P1_ST00848" HPOS="2055" VPOS="2183" WIDTH="110" HEIGHT="39" CONTENT="been" WC="0.97" CC="6107"/>
						<SP ID="P1_SP00673" HPOS="2165" VPOS="2236" WIDTH="38"/>
						<String ID="P1_ST00849" HPOS="2203" VPOS="2183" WIDTH="213" HEIGHT="41" CONTENT="obtained" WC="0.98" CC="65350800"/>
						<SP ID="P1_SP00674" HPOS="2416" VPOS="2236" WIDTH="36"/>
						<String ID="P1_ST00850" HPOS="2452" VPOS="2184" WIDTH="57" HEIGHT="52" CONTENT="by" WC="0.64" CC="70"/>
						<SP ID="P1_SP00675" HPOS="2509" VPOS="2236" WIDTH="38"/>
						<String ID="P1_ST00851" HPOS="2546" VPOS="2186" WIDTH="74" HEIGHT="41" CONTENT="the" WC="0.97" CC="007"/>
						<SP ID="P1_SP00676" HPOS="2620" VPOS="2236" WIDTH="39"/>
						<String ID="P1_ST00852" HPOS="2660" VPOS="2184" WIDTH="83" HEIGHT="41" CONTENT="Eco" SUBS_TYPE="HypPart1" SUBS_CONTENT="Ecoj" WC="0.86" CC="310"/>
						<HYP HPOS="2743" VPOS="2184" WIDTH="27" CONTENT="-"/>
					</TextLine>
					<TextLine ID="P1_TL00174" HPOS="1885" VPOS="2249" WIDTH="885" HEIGHT="57">
						<String ID="P1_ST00853" HPOS="1885" VPOS="2249" WIDTH="3" HEIGHT="57" CONTENT="j" SUBS_TYPE="HypPart2" SUBS_CONTENT="Ecoj" WC="0.12" CC="8" STYLEREFS="TXT_8"/>
						<SP ID="P1_SP00677" HPOS="1888" VPOS="2306" WIDTH="19"/>
						<String ID="P1_ST00854" HPOS="1907" VPOS="2250" WIDTH="172" HEIGHT="38" CONTENT="nomics" WC="0.58" CC="860055"/>
						<SP ID="P1_SP00678" HPOS="2079" VPOS="2306" WIDTH="36"/>
						<String ID="P1_ST00855" HPOS="2115" VPOS="2250" WIDTH="128" HEIGHT="47" CONTENT="Club," WC="0.98" CC="00273"/>
						<SP ID="P1_SP00679" HPOS="2243" VPOS="2306" WIDTH="36"/>
						<String ID="P1_ST00856" HPOS="2279" VPOS="2254" WIDTH="87" HEIGHT="38" CONTENT="and" WC="0.93" CC="485"/>
						<SP ID="P1_SP00680" HPOS="2365" VPOS="2306" WIDTH="38"/>
						<String ID="P1_ST00857" HPOS="2403" VPOS="2254" WIDTH="72" HEIGHT="39" CONTENT="the" WC="0.96" CC="153"/>
						<SP ID="P1_SP00681" HPOS="2476" VPOS="2306" WIDTH="35"/>
						<String ID="P1_ST00858" HPOS="2510" VPOS="2254" WIDTH="180" HEIGHT="41" CONTENT="officers" WC="0.98" CC="95007506"/>
						<SP ID="P1_SP00682" HPOS="2690" VPOS="2306" WIDTH="35"/>
						<String ID="P1_ST00859" HPOS="2724" VPOS="2254" WIDTH="46" HEIGHT="39" CONTENT="of" WC="0.41" CC="74"/>
					</TextLine>
					<TextLine ID="P1_TL00175" HPOS="1885" VPOS="2318" WIDTH="880" HEIGHT="57">
						<String ID="P1_ST00860" HPOS="1885" VPOS="2318" WIDTH="2" HEIGHT="57" CONTENT="I" WC="0.13" CC="8"/>
						<SP ID="P1_SP00683" HPOS="1887" VPOS="2375" WIDTH="20"/>
						<String ID="P1_ST00861" HPOS="1907" VPOS="2318" WIDTH="71" HEIGHT="39" CONTENT="the" WC="0.95" CC="605"/>
						<SP ID="P1_SP00684" HPOS="1978" VPOS="2375" WIDTH="38"/>
						<String ID="P1_ST00862" HPOS="2016" VPOS="2320" WIDTH="99" HEIGHT="38" CONTENT="club" WC="0.96" CC="0567"/>
						<SP ID="P1_SP00685" HPOS="2115" VPOS="2375" WIDTH="66"/>
						<String ID="P1_ST00863" HPOS="2181" VPOS="2321" WIDTH="110" HEIGHT="38" CONTENT="have" WC="0.97" CC="4430"/>
						<SP ID="P1_SP00686" HPOS="2291" VPOS="2375" WIDTH="35"/>
						<String ID="P1_ST00864" HPOS="2326" VPOS="2321" WIDTH="184" HEIGHT="39" CONTENT="decided" WC="0.99" CC="4000207"/>
						<SP ID="P1_SP00687" HPOS="2510" VPOS="2375" WIDTH="38"/>
						<String ID="P1_ST00865" HPOS="2548" VPOS="2331" WIDTH="44" HEIGHT="30" CONTENT="to" WC="0.62" CC="24"/>
						<SP ID="P1_SP00688" HPOS="2592" VPOS="2375" WIDTH="63"/>
						<String ID="P1_ST00866" HPOS="2655" VPOS="2337" WIDTH="110" HEIGHT="38" CONTENT="open" WC="0.97" CC="6016"/>
					</TextLine>
					<TextLine ID="P1_TL00176" HPOS="1906" VPOS="2387" WIDTH="857" HEIGHT="52">
						<String ID="P1_ST00867" HPOS="1906" VPOS="2387" WIDTH="71" HEIGHT="39" CONTENT="the" WC="0.96" CC="064"/>
						<SP ID="P1_SP00689" HPOS="1976" VPOS="2427" WIDTH="31"/>
						<String ID="P1_ST00868" HPOS="2008" VPOS="2389" WIDTH="198" HEIGHT="50" CONTENT="meeting" WC="0.99" CC="2000087"/>
						<SP ID="P1_SP00690" HPOS="2206" VPOS="2439" WIDTH="30"/>
						<String ID="P1_ST00869" HPOS="2236" VPOS="2397" WIDTH="44" HEIGHT="30" CONTENT="to" WC="0.90" CC="10"/>
						<SP ID="P1_SP00691" HPOS="2280" VPOS="2439" WIDTH="28"/>
						<String ID="P1_ST00870" HPOS="2309" VPOS="2389" WIDTH="74" HEIGHT="39" CONTENT="the" WC="0.93" CC="566"/>
						<SP ID="P1_SP00692" HPOS="2383" VPOS="2439" WIDTH="30"/>
						<String ID="P1_ST00871" HPOS="2413" VPOS="2391" WIDTH="142" HEIGHT="39" CONTENT="entire" WC="0.98" CC="076064"/>
						<SP ID="P1_SP00693" HPOS="2554" VPOS="2439" WIDTH="30"/>
						<String ID="P1_ST00872" HPOS="2584" VPOS="2392" WIDTH="178" HEIGHT="39" CONTENT="student" WC="0.98" CC="0044077"/>
					</TextLine>
					<TextLine ID="P1_TL00177" HPOS="1906" VPOS="2454" WIDTH="858" HEIGHT="57">
						<String ID="P1_ST00873" HPOS="1906" VPOS="2454" WIDTH="118" HEIGHT="52" CONTENT="body" WC="0.98" CC="7200"/>
						<SP ID="P1_SP00694" HPOS="2024" VPOS="2506" WIDTH="39"/>
						<String ID="P1_ST00874" HPOS="2063" VPOS="2455" WIDTH="39" HEIGHT="39" CONTENT="in" WC="0.74" CC="05"/>
						<SP ID="P1_SP00695" HPOS="2102" VPOS="2506" WIDTH="41"/>
						<String ID="P1_ST00875" HPOS="2143" VPOS="2455" WIDTH="113" HEIGHT="41" CONTENT="view" WC="0.99" CC="1020"/>
						<SP ID="P1_SP00696" HPOS="2257" VPOS="2506" WIDTH="38"/>
						<String ID="P1_ST00876" HPOS="2294" VPOS="2457" WIDTH="46" HEIGHT="39" CONTENT="of" WC="0.29" CC="94"/>
						<SP ID="P1_SP00697" HPOS="2340" VPOS="2506" WIDTH="36"/>
						<String ID="P1_ST00877" HPOS="2376" VPOS="2458" WIDTH="74" HEIGHT="39" CONTENT="the" WC="0.94" CC="655"/>
						<SP ID="P1_SP00698" HPOS="2450" VPOS="2506" WIDTH="36"/>
						<String ID="P1_ST00878" HPOS="2487" VPOS="2460" WIDTH="277" HEIGHT="50" CONTENT="widespread" WC="0.99" CC="9500005017"/>
					</TextLine>
					<TextLine ID="P1_TL00178" HPOS="1885" VPOS="2523" WIDTH="882" HEIGHT="55">
						<String ID="P1_ST00879" HPOS="1885" VPOS="2523" WIDTH="2" HEIGHT="55" CONTENT=";" STYLE="subscript" WC="0.35" CC="6"/>
						<SP ID="P1_SP00699" HPOS="1887" VPOS="2578" WIDTH="19"/>
						<String ID="P1_ST00880" HPOS="1906" VPOS="2523" WIDTH="184" HEIGHT="43" CONTENT="interest" WC="0.99" CC="26010430"/>
						<SP ID="P1_SP00700" HPOS="2090" VPOS="2578" WIDTH="27"/>
						<String ID="P1_ST00881" HPOS="2117" VPOS="2532" WIDTH="44" HEIGHT="33" CONTENT="at" WC="0.75" CC="40"/>
						<SP ID="P1_SP00701" HPOS="2161" VPOS="2578" WIDTH="27"/>
						<String ID="P1_ST00882" HPOS="2187" VPOS="2524" WIDTH="74" HEIGHT="41" CONTENT="the" WC="0.97" CC="070"/>
						<SP ID="P1_SP00702" HPOS="2261" VPOS="2578" WIDTH="25"/>
						<String ID="P1_ST00883" HPOS="2287" VPOS="2535" WIDTH="180" HEIGHT="43" CONTENT="present" WC="0.99" CC="3020075"/>
						<SP ID="P1_SP00703" HPOS="2466" VPOS="2578" WIDTH="27"/>
						<String ID="P1_ST00884" HPOS="2493" VPOS="2528" WIDTH="107" HEIGHT="41" CONTENT="time" WC="0.99" CC="0200"/>
						<SP ID="P1_SP00704" HPOS="2600" VPOS="2578" WIDTH="27"/>
						<String ID="P1_ST00885" HPOS="2627" VPOS="2528" WIDTH="41" HEIGHT="39" CONTENT="in" WC="0.58" CC="07"/>
						<SP ID="P1_SP00705" HPOS="2668" VPOS="2578" WIDTH="27"/>
						<String ID="P1_ST00886" HPOS="2694" VPOS="2529" WIDTH="72" HEIGHT="39" CONTENT="the" WC="0.95" CC="463"/>
					</TextLine>
					<TextLine ID="P1_TL00179" HPOS="1885" VPOS="2592" WIDTH="879" HEIGHT="52">
						<String ID="P1_ST00887" HPOS="1885" VPOS="2592" WIDTH="2" HEIGHT="52" CONTENT="!" WC="0.17" CC="8"/>
						<SP ID="P1_SP00706" HPOS="1887" VPOS="2644" WIDTH="20"/>
						<String ID="P1_ST00888" HPOS="1907" VPOS="2592" WIDTH="176" HEIGHT="52" CONTENT="subject" WC="0.98" CC="6674020"/>
						<SP ID="P1_SP00707" HPOS="2083" VPOS="2644" WIDTH="46"/>
						<String ID="P1_ST00889" HPOS="2129" VPOS="2602" WIDTH="44" HEIGHT="33" CONTENT="to" WC="0.36" CC="65"/>
						<SP ID="P1_SP00708" HPOS="2173" VPOS="2644" WIDTH="46"/>
						<String ID="P1_ST00890" HPOS="2219" VPOS="2595" WIDTH="52" HEIGHT="39" CONTENT="be" WC="0.73" CC="50"/>
						<SP ID="P1_SP00709" HPOS="2271" VPOS="2644" WIDTH="44"/>
						<String ID="P1_ST00891" HPOS="2315" VPOS="2595" WIDTH="236" HEIGHT="41" CONTENT="discussed" WC="0.99" CC="200076200"/>
						<SP ID="P1_SP00710" HPOS="2551" VPOS="2644" WIDTH="43"/>
						<String ID="P1_ST00892" HPOS="2594" VPOS="2597" WIDTH="87" HEIGHT="39" CONTENT="and" WC="0.97" CC="080"/>
						<SP ID="P1_SP00711" HPOS="2680" VPOS="2644" WIDTH="44"/>
						<String ID="P1_ST00893" HPOS="2724" VPOS="2600" WIDTH="39" HEIGHT="36" CONTENT="oi" WC="0.17" CC="88"/>
					</TextLine>
					<TextLine ID="P1_TL00180" HPOS="1907" VPOS="2661" WIDTH="858" HEIGHT="54">
						<String ID="P1_ST00894" HPOS="1907" VPOS="2661" WIDTH="83" HEIGHT="39" CONTENT="Mr." WC="0.98" CC="500"/>
						<SP ID="P1_SP00712" HPOS="1991" VPOS="2701" WIDTH="65"/>
						<String ID="P1_ST00895" HPOS="2055" VPOS="2663" WIDTH="206" HEIGHT="41" CONTENT="Chafee’s" WC="0.56" CC="86765000"/>
						<SP ID="P1_SP00713" HPOS="2261" VPOS="2704" WIDTH="58"/>
						<String ID="P1_ST00896" HPOS="2320" VPOS="2665" WIDTH="257" HEIGHT="50" CONTENT="reputation" WC="0.99" CC="5007092436"/>
						<SP ID="P1_SP00714" HPOS="2576" VPOS="2715" WIDTH="63"/>
						<String ID="P1_ST00897" HPOS="2639" VPOS="2679" WIDTH="50" HEIGHT="25" CONTENT="as" WC="0.36" CC="75"/>
						<SP ID="P1_SP00715" HPOS="2690" VPOS="2715" WIDTH="57"/>
						<String ID="P1_ST00898" HPOS="2746" VPOS="2679" WIDTH="19" HEIGHT="25" CONTENT="a" WC="0.29" CC="7"/>
					</TextLine>
					<TextLine ID="P1_TL00181" HPOS="1885" VPOS="2731" WIDTH="882" HEIGHT="54">
						<String ID="P1_ST00899" HPOS="1885" VPOS="2731" WIDTH="2" HEIGHT="54" CONTENT="|" WC="0.26" CC="7"/>
						<SP ID="P1_SP00716" HPOS="1887" VPOS="2784" WIDTH="17"/>
						<String ID="P1_ST00900" HPOS="1904" VPOS="2731" WIDTH="117" HEIGHT="39" CONTENT="clear" WC="0.99" CC="10060"/>
						<SP ID="P1_SP00717" HPOS="2020" VPOS="2784" WIDTH="63"/>
						<String ID="P1_ST00901" HPOS="2083" VPOS="2731" WIDTH="85" HEIGHT="39" CONTENT="and" WC="0.96" CC="350"/>
						<SP ID="P1_SP00718" HPOS="2169" VPOS="2784" WIDTH="66"/>
						<String ID="P1_ST00902" HPOS="2235" VPOS="2731" WIDTH="269" HEIGHT="54" CONTENT="interesting" WC="0.99" CC="05400000660"/>
						<SP ID="P1_SP00719" HPOS="2504" VPOS="2784" WIDTH="63"/>
						<String ID="P1_ST00903" HPOS="2567" VPOS="2732" WIDTH="200" HEIGHT="52" CONTENT="speaker." WC="0.99" CC="00072040"/>
					</TextLine>
					<TextLine ID="P1_TL00182" HPOS="1885" VPOS="2798" WIDTH="882" HEIGHT="56">
						<String ID="P1_ST00904" HPOS="1885" VPOS="2798" WIDTH="2" HEIGHT="55" CONTENT="!" WC="0.26" CC="7"/>
						<SP ID="P1_SP00720" HPOS="1887" VPOS="2854" WIDTH="17"/>
						<String ID="P1_ST00905" HPOS="1904" VPOS="2798" WIDTH="112" HEIGHT="39" CONTENT="This" WC="0.98" CC="0630"/>
						<SP ID="P1_SP00721" HPOS="2016" VPOS="2854" WIDTH="33"/>
						<String ID="P1_ST00906" HPOS="2049" VPOS="2800" WIDTH="90" HEIGHT="38" CONTENT="will" WC="0.98" CC="0024"/>
						<SP ID="P1_SP00722" HPOS="2139" VPOS="2854" WIDTH="35"/>
						<String ID="P1_ST00907" HPOS="2173" VPOS="2800" WIDTH="52" HEIGHT="39" CONTENT="be" WC="0.29" CC="76"/>
						<SP ID="P1_SP00723" HPOS="2225" VPOS="2854" WIDTH="38"/>
						<String ID="P1_ST00908" HPOS="2263" VPOS="2802" WIDTH="71" HEIGHT="38" CONTENT="the" WC="1.00" CC="000"/>
						<SP ID="P1_SP00724" HPOS="2334" VPOS="2854" WIDTH="36"/>
						<String ID="P1_ST00909" HPOS="2370" VPOS="2802" WIDTH="165" HEIGHT="39" CONTENT="second" WC="1.00" CC="020000"/>
						<SP ID="P1_SP00725" HPOS="2535" VPOS="2854" WIDTH="35"/>
						<String ID="P1_ST00910" HPOS="2570" VPOS="2802" WIDTH="197" HEIGHT="52" CONTENT="meeting" WC="0.98" CC="1004465"/>
					</TextLine>
					<TextLine ID="P1_TL00183" HPOS="1885" VPOS="2866" WIDTH="882" HEIGHT="52">
						<String ID="P1_ST00911" HPOS="1885" VPOS="2866" WIDTH="65" HEIGHT="41" CONTENT=".of" WC="0.98" CC="006"/>
						<SP ID="P1_SP00726" HPOS="1950" VPOS="2907" WIDTH="33"/>
						<String ID="P1_ST00912" HPOS="1983" VPOS="2868" WIDTH="72" HEIGHT="38" CONTENT="the" WC="0.96" CC="047"/>
						<SP ID="P1_SP00727" HPOS="2055" VPOS="2907" WIDTH="61"/>
						<String ID="P1_ST00913" HPOS="2117" VPOS="2882" WIDTH="106" HEIGHT="36" CONTENT="year" WC="0.98" CC="0620"/>
						<SP ID="P1_SP00728" HPOS="2222" VPOS="2918" WIDTH="33"/>
						<String ID="P1_ST00914" HPOS="2255" VPOS="2868" WIDTH="69" HEIGHT="39" CONTENT="for" WC="0.96" CC="720"/>
						<SP ID="P1_SP00729" HPOS="2324" VPOS="2918" WIDTH="35"/>
						<String ID="P1_ST00915" HPOS="2359" VPOS="2869" WIDTH="74" HEIGHT="38" CONTENT="the" WC="0.98" CC="050"/>
						<SP ID="P1_SP00730" HPOS="2433" VPOS="2918" WIDTH="65"/>
						<String ID="P1_ST00916" HPOS="2498" VPOS="2869" WIDTH="269" HEIGHT="39" CONTENT="Economics" WC="0.99" CC="500800056"/>
					</TextLine>
					<TextLine ID="P1_TL00184" HPOS="1906" VPOS="2934" WIDTH="126" HEIGHT="38">
						<String ID="P1_ST00917" HPOS="1906" VPOS="2934" WIDTH="126" HEIGHT="38" CONTENT="Club." WC="0.96" CC="86870"/>
					</TextLine>
				</TextBlock>
				<TextBlock ID="P1_TB00027" HPOS="1901" VPOS="3002" WIDTH="868" HEIGHT="724" language="en" STYLEREFS="TXT_1 PAR_BLOCK">
					<TextLine ID="P1_TL00185" HPOS="1959" VPOS="3003" WIDTH="805" HEIGHT="54">
						<String ID="P1_ST00918" HPOS="1959" VPOS="3003" WIDTH="83" HEIGHT="39" CONTENT="Mr." WC="0.97" CC="600"/>
						<SP ID="P1_SP00731" HPOS="2043" VPOS="3043" WIDTH="35"/>
						<String ID="P1_ST00919" HPOS="2077" VPOS="3005" WIDTH="167" HEIGHT="39" CONTENT="Chafee" WC="0.86" CC="240100"/>
						<SP ID="P1_SP00732" HPOS="2244" VPOS="3044" WIDTH="35"/>
						<String ID="P1_ST00920" HPOS="2279" VPOS="3005" WIDTH="35" HEIGHT="39" CONTENT="is" WC="0.47" CC="45"/>
						<SP ID="P1_SP00733" HPOS="2313" VPOS="3044" WIDTH="33"/>
						<String ID="P1_ST00921" HPOS="2346" VPOS="3019" WIDTH="99" HEIGHT="25" CONTENT="now" WC="0.94" CC="843"/>
						<SP ID="P1_SP00734" HPOS="2446" VPOS="3044" WIDTH="35"/>
						<String ID="P1_ST00922" HPOS="2480" VPOS="3019" WIDTH="24" HEIGHT="25" CONTENT="a" WC="0.67" CC="3"/>
						<SP ID="P1_SP00735" HPOS="2504" VPOS="3044" WIDTH="31"/>
						<String ID="P1_ST00923" HPOS="2535" VPOS="3006" WIDTH="228" HEIGHT="50" CONTENT="professor" WC="0.99" CC="316400006"/>
					</TextLine>
					<TextLine ID="P1_TL00186" HPOS="1904" VPOS="3071" WIDTH="865" HEIGHT="50">
						<String ID="P1_ST00924" HPOS="1904" VPOS="3071" WIDTH="38" HEIGHT="38" CONTENT="in" WC="0.35" CC="57"/>
						<SP ID="P1_SP00736" HPOS="1942" VPOS="3109" WIDTH="43"/>
						<String ID="P1_ST00925" HPOS="1984" VPOS="3072" WIDTH="206" HEIGHT="39" CONTENT="Harvard" WC="0.97" CC="7756705"/>
						<SP ID="P1_SP00737" HPOS="2191" VPOS="3112" WIDTH="38"/>
						<String ID="P1_ST00926" HPOS="2228" VPOS="3074" WIDTH="107" HEIGHT="39" CONTENT="Law" WC="0.94" CC="069"/>
						<SP ID="P1_SP00738" HPOS="2335" VPOS="3113" WIDTH="36"/>
						<String ID="P1_ST00927" HPOS="2372" VPOS="3074" WIDTH="178" HEIGHT="47" CONTENT="School," WC="0.99" CC="0065052"/>
						<SP ID="P1_SP00739" HPOS="2550" VPOS="3121" WIDTH="35"/>
						<String ID="P1_ST00928" HPOS="2584" VPOS="3072" WIDTH="184" HEIGHT="41" CONTENT="whence" WC="0.99" CC="900600"/>
					</TextLine>
					<TextLine ID="P1_TL00187" HPOS="1904" VPOS="3140" WIDTH="865" HEIGHT="52">
						<String ID="P1_ST00929" HPOS="1904" VPOS="3140" WIDTH="50" HEIGHT="39" CONTENT="he" WC="0.63" CC="70"/>
						<SP ID="P1_SP00740" HPOS="1954" VPOS="3180" WIDTH="28"/>
						<String ID="P1_ST00930" HPOS="1983" VPOS="3154" WIDTH="91" HEIGHT="25" CONTENT="was" WC="0.93" CC="954"/>
						<SP ID="P1_SP00741" HPOS="2074" VPOS="3180" WIDTH="24"/>
						<String ID="P1_ST00931" HPOS="2098" VPOS="3140" WIDTH="252" HEIGHT="52" CONTENT="graduated" WC="0.99" CC="900671000"/>
						<SP ID="P1_SP00742" HPOS="2350" VPOS="3192" WIDTH="25"/>
						<String ID="P1_ST00932" HPOS="2375" VPOS="3140" WIDTH="43" HEIGHT="39" CONTENT="in" WC="0.61" CC="24"/>
						<SP ID="P1_SP00743" HPOS="2417" VPOS="3192" WIDTH="25"/>
						<String ID="P1_ST00933" HPOS="2443" VPOS="3142" WIDTH="117" HEIGHT="41" CONTENT="1913." WC="0.82" CC="03050"/>
						<SP ID="P1_SP00744" HPOS="2559" VPOS="3192" WIDTH="57"/>
						<String ID="P1_ST00934" HPOS="2616" VPOS="3140" WIDTH="153" HEIGHT="43" CONTENT="While" WC="0.99" CC="02400"/>
					</TextLine>
					<TextLine ID="P1_TL00188" HPOS="1902" VPOS="3209" WIDTH="866" HEIGHT="52">
						<String ID="P1_ST00935" HPOS="1902" VPOS="3209" WIDTH="43" HEIGHT="36" CONTENT="in" WC="0.41" CC="38"/>
						<SP ID="P1_SP00745" HPOS="1945" VPOS="3246" WIDTH="30"/>
						<String ID="P1_ST00936" HPOS="1975" VPOS="3209" WIDTH="169" HEIGHT="52" CONTENT="college" WC="0.98" CC="0260195"/>
						<SP ID="P1_SP00746" HPOS="2143" VPOS="3261" WIDTH="30"/>
						<String ID="P1_ST00937" HPOS="2173" VPOS="3209" WIDTH="52" HEIGHT="39" CONTENT="he" WC="1.00" CC="00"/>
						<SP ID="P1_SP00747" HPOS="2225" VPOS="3261" WIDTH="30"/>
						<String ID="P1_ST00938" HPOS="2255" VPOS="3222" WIDTH="91" HEIGHT="28" CONTENT="was" WC="0.93" CC="916"/>
						<SP ID="P1_SP00748" HPOS="2346" VPOS="3261" WIDTH="27"/>
						<String ID="P1_ST00939" HPOS="2373" VPOS="3209" WIDTH="258" HEIGHT="52" CONTENT="prominent" WC="1.00" CC="010046000"/>
						<SP ID="P1_SP00749" HPOS="2631" VPOS="3261" WIDTH="27"/>
						<String ID="P1_ST00940" HPOS="2658" VPOS="3209" WIDTH="110" HEIGHT="41" CONTENT="both" WC="1.00" CC="0000"/>
					</TextLine>
					<TextLine ID="P1_TL00189" HPOS="1901" VPOS="3279" WIDTH="866" HEIGHT="54">
						<String ID="P1_ST00941" HPOS="1901" VPOS="3291" WIDTH="49" HEIGHT="25" CONTENT="as" WC="0.17" CC="69"/>
						<SP ID="P1_SP00750" HPOS="1950" VPOS="3317" WIDTH="25"/>
						<String ID="P1_ST00942" HPOS="1975" VPOS="3293" WIDTH="22" HEIGHT="24" CONTENT="a" WC="0.31" CC="6"/>
						<SP ID="P1_SP00751" HPOS="1997" VPOS="3317" WIDTH="27"/>
						<String ID="P1_ST00943" HPOS="2024" VPOS="3279" WIDTH="183" HEIGHT="39" CONTENT="student" WC="0.99" CC="0354070"/>
						<SP ID="P1_SP00752" HPOS="2206" VPOS="3318" WIDTH="27"/>
						<String ID="P1_ST00944" HPOS="2233" VPOS="3279" WIDTH="85" HEIGHT="39" CONTENT="and" WC="0.96" CC="460"/>
						<SP ID="P1_SP00753" HPOS="2318" VPOS="3318" WIDTH="28"/>
						<String ID="P1_ST00945" HPOS="2346" VPOS="3280" WIDTH="41" HEIGHT="38" CONTENT="in" WC="0.81" CC="03"/>
						<SP ID="P1_SP00754" HPOS="2387" VPOS="3318" WIDTH="28"/>
						<String ID="P1_ST00946" HPOS="2416" VPOS="3279" WIDTH="170" HEIGHT="54" CONTENT="college" WC="0.99" CC="0042070"/>
						<SP ID="P1_SP00755" HPOS="2586" VPOS="3332" WIDTH="25"/>
						<String ID="P1_ST00947" HPOS="2611" VPOS="3280" WIDTH="134" HEIGHT="41" CONTENT="activi" SUBS_TYPE="HypPart1" SUBS_CONTENT="activities," WC="0.99" CC="600050"/>
						<HYP HPOS="2745" VPOS="3280" WIDTH="22" CONTENT="-"/>
					</TextLine>
					<TextLine ID="P1_TL00190" HPOS="1902" VPOS="3346" WIDTH="863" HEIGHT="52">
						<String ID="P1_ST00948" HPOS="1902" VPOS="3346" WIDTH="98" HEIGHT="43" CONTENT="ties," SUBS_TYPE="HypPart2" SUBS_CONTENT="activities," WC="0.98" CC="26030"/>
						<SP ID="P1_SP00756" HPOS="2000" VPOS="3389" WIDTH="43"/>
						<String ID="P1_ST00949" HPOS="2043" VPOS="3346" WIDTH="135" HEIGHT="52" CONTENT="being" WC="0.95" CC="74599"/>
						<SP ID="P1_SP00757" HPOS="2178" VPOS="3398" WIDTH="39"/>
						<String ID="P1_ST00950" HPOS="2217" VPOS="3348" WIDTH="246" HEIGHT="41" CONTENT="connected" WC="0.99" CC="007700027"/>
						<SP ID="P1_SP00758" HPOS="2463" VPOS="3398" WIDTH="44"/>
						<String ID="P1_ST00951" HPOS="2507" VPOS="3348" WIDTH="110" HEIGHT="39" CONTENT="with" WC="0.99" CC="0600"/>
						<SP ID="P1_SP00759" HPOS="2617" VPOS="3398" WIDTH="41"/>
						<String ID="P1_ST00952" HPOS="2658" VPOS="3348" WIDTH="107" HEIGHT="41" CONTENT="both" WC="0.97" CC="6006"/>
					</TextLine>
					<TextLine ID="P1_TL00191" HPOS="1901" VPOS="3414" WIDTH="868" HEIGHT="54">
						<String ID="P1_ST00953" HPOS="1901" VPOS="3414" WIDTH="76" HEIGHT="39" CONTENT="the" WC="0.93" CC="674"/>
						<SP ID="P1_SP00760" HPOS="1976" VPOS="3454" WIDTH="63"/>
						<String ID="P1_ST00954" HPOS="2039" VPOS="3416" WIDTH="231" HEIGHT="52" CONTENT="Debating" WC="0.98" CC="50660059"/>
						<SP ID="P1_SP00761" HPOS="2271" VPOS="3468" WIDTH="61"/>
						<String ID="P1_ST00955" HPOS="2332" VPOS="3417" WIDTH="148" HEIGHT="41" CONTENT="Union" WC="0.97" CC="47108"/>
						<SP ID="P1_SP00762" HPOS="2480" VPOS="3468" WIDTH="63"/>
						<String ID="P1_ST00956" HPOS="2543" VPOS="3419" WIDTH="87" HEIGHT="38" CONTENT="and" WC="0.94" CC="375"/>
						<SP ID="P1_SP00763" HPOS="2630" VPOS="3468" WIDTH="63"/>
						<String ID="P1_ST00957" HPOS="2693" VPOS="3417" WIDTH="76" HEIGHT="39" CONTENT="the" WC="0.98" CC="050"/>
					</TextLine>
					<TextLine ID="P1_TL00192" HPOS="1904" VPOS="3482" WIDTH="863" HEIGHT="55">
						<String ID="P1_ST00958" HPOS="1904" VPOS="3482" WIDTH="274" HEIGHT="41" CONTENT="Brunonian." WC="0.54" CC="1087964700"/>
						<SP ID="P1_SP00764" HPOS="2178" VPOS="3523" WIDTH="60"/>
						<String ID="P1_ST00959" HPOS="2238" VPOS="3483" WIDTH="131" HEIGHT="39" CONTENT="After" WC="0.99" CC="05040"/>
						<SP ID="P1_SP00765" HPOS="2369" VPOS="3523" WIDTH="30"/>
						<String ID="P1_ST00960" HPOS="2398" VPOS="3485" WIDTH="66" HEIGHT="39" CONTENT="his" WC="0.97" CC="061"/>
						<SP ID="P1_SP00766" HPOS="2465" VPOS="3524" WIDTH="30"/>
						<String ID="P1_ST00961" HPOS="2494" VPOS="3485" WIDTH="272" HEIGHT="52" CONTENT="graduation" WC="0.98" CC="9092745403"/>
					</TextLine>
					<TextLine ID="P1_TL00193" HPOS="1901" VPOS="3550" WIDTH="866" HEIGHT="44">
						<String ID="P1_ST00962" HPOS="1901" VPOS="3550" WIDTH="41" HEIGHT="38" CONTENT="in" WC="0.51" CC="18"/>
						<SP ID="P1_SP00767" HPOS="1942" VPOS="3587" WIDTH="41"/>
						<String ID="P1_ST00963" HPOS="1983" VPOS="3551" WIDTH="104" HEIGHT="38" CONTENT="1907" WC="0.43" CC="5556"/>
						<SP ID="P1_SP00768" HPOS="2087" VPOS="3589" WIDTH="38"/>
						<String ID="P1_ST00964" HPOS="2124" VPOS="3551" WIDTH="54" HEIGHT="41" CONTENT="he" WC="0.46" CC="63"/>
						<SP ID="P1_SP00769" HPOS="2178" VPOS="3592" WIDTH="39"/>
						<String ID="P1_ST00965" HPOS="2217" VPOS="3553" WIDTH="183" HEIGHT="39" CONTENT="entered" WC="0.99" CC="1900400"/>
						<SP ID="P1_SP00770" HPOS="2400" VPOS="3592" WIDTH="38"/>
						<String ID="P1_ST00966" HPOS="2438" VPOS="3553" WIDTH="209" HEIGHT="41" CONTENT="business" WC="0.99" CC="60069000"/>
						<SP ID="P1_SP00771" HPOS="2647" VPOS="3594" WIDTH="38"/>
						<String ID="P1_ST00967" HPOS="2685" VPOS="3553" WIDTH="82" HEIGHT="39" CONTENT="but" WC="0.95" CC="670"/>
					</TextLine>
					<TextLine ID="P1_TL00194" HPOS="1901" VPOS="3619" WIDTH="866" HEIGHT="54">
						<String ID="P1_ST00968" HPOS="1901" VPOS="3619" WIDTH="112" HEIGHT="39" CONTENT="later" WC="0.98" CC="50060"/>
						<SP ID="P1_SP00772" HPOS="2013" VPOS="3658" WIDTH="36"/>
						<String ID="P1_ST00969" HPOS="2049" VPOS="3619" WIDTH="186" HEIGHT="41" CONTENT="decided" WC="0.98" CC="5605206"/>
						<SP ID="P1_SP00773" HPOS="2235" VPOS="3660" WIDTH="36"/>
						<String ID="P1_ST00970" HPOS="2271" VPOS="3635" WIDTH="57" HEIGHT="25" CONTENT="on" WC="0.59" CC="08"/>
						<SP ID="P1_SP00774" HPOS="2328" VPOS="3660" WIDTH="36"/>
						<String ID="P1_ST00971" HPOS="2364" VPOS="3620" WIDTH="74" HEIGHT="41" CONTENT="the" WC="1.00" CC="000"/>
						<SP ID="P1_SP00775" HPOS="2438" VPOS="3661" WIDTH="36"/>
						<String ID="P1_ST00972" HPOS="2474" VPOS="3620" WIDTH="85" HEIGHT="41" CONTENT="law" WC="0.98" CC="410"/>
						<SP ID="P1_SP00776" HPOS="2559" VPOS="3661" WIDTH="36"/>
						<String ID="P1_ST00973" HPOS="2595" VPOS="3620" WIDTH="148" HEIGHT="52" CONTENT="profes" SUBS_TYPE="HypPart1" SUBS_CONTENT="profession." WC="0.99" CC="001501"/>
						<HYP HPOS="2743" VPOS="3620" WIDTH="24" CONTENT="-"/>
					</TextLine>
					<TextLine ID="P1_TL00195" HPOS="1901" VPOS="3687" WIDTH="868" HEIGHT="39">
						<String ID="P1_ST00974" HPOS="1901" VPOS="3687" WIDTH="110" HEIGHT="39" CONTENT="sion." SUBS_TYPE="HypPart2" SUBS_CONTENT="profession." WC="0.96" CC="72980"/>
						<SP ID="P1_SP00777" HPOS="2011" VPOS="3726" WIDTH="61"/>
						<String ID="P1_ST00975" HPOS="2072" VPOS="3687" WIDTH="129" HEIGHT="39" CONTENT="Since" WC="0.96" CC="65836"/>
						<SP ID="P1_SP00778" HPOS="2202" VPOS="3726" WIDTH="31"/>
						<String ID="P1_ST00976" HPOS="2233" VPOS="3688" WIDTH="104" HEIGHT="38" CONTENT="then" WC="0.98" CC="0108"/>
						<SP ID="P1_SP00779" HPOS="2337" VPOS="3726" WIDTH="36"/>
						<String ID="P1_ST00977" HPOS="2373" VPOS="3690" WIDTH="82" HEIGHT="36" CONTENT="Mr." WC="1.00" CC="000"/>
						<SP ID="P1_SP00780" HPOS="2455" VPOS="3726" WIDTH="33"/>
						<String ID="P1_ST00978" HPOS="2488" VPOS="3688" WIDTH="167" HEIGHT="38" CONTENT="Chafee" WC="0.73" CC="036401"/>
						<SP ID="P1_SP00781" HPOS="2655" VPOS="3726" WIDTH="33"/>
						<String ID="P1_ST00979" HPOS="2688" VPOS="3690" WIDTH="80" HEIGHT="36" CONTENT="has" WC="0.96" CC="324"/>
					</TextLine>
				</TextBlock>
				<TextBlock ID="P1_TB00028" HPOS="1901" VPOS="3761" WIDTH="866" HEIGHT="235" language="en" STYLEREFS="TXT_1 PAR_LEFT">
					<TextLine ID="P1_TL00196" HPOS="1901" VPOS="3761" WIDTH="866" HEIGHT="49">
						<String ID="P1_ST00980" HPOS="1901" VPOS="3761" WIDTH="180" HEIGHT="33" CONTENT="written" WC="0.99" CC="9000008"/>
						<SP ID="P1_SP00782" HPOS="2080" VPOS="3794" WIDTH="54"/>
						<String ID="P1_ST00981" HPOS="2134" VPOS="3769" WIDTH="246" HEIGHT="27" CONTENT="numerous" WC="0.99" CC="68100450"/>
						<SP ID="P1_SP00783" HPOS="2380" VPOS="3795" WIDTH="38"/>
						<String ID="P1_ST00982" HPOS="2417" VPOS="3761" WIDTH="235" HEIGHT="49" CONTENT="magazine" WC="0.98" CC="06790270"/>
						<SP ID="P1_SP00784" HPOS="2652" VPOS="3809" WIDTH="49"/>
						<String ID="P1_ST00983" HPOS="2701" VPOS="3772" WIDTH="44" HEIGHT="25" CONTENT="ar" SUBS_TYPE="HypPart1" SUBS_CONTENT="articles" WC="0.98" CC="60"/>
						<HYP HPOS="2745" VPOS="3772" WIDTH="22" CONTENT="-"/>
					</TextLine>
					<TextLine ID="P1_TL00197" HPOS="1901" VPOS="3822" WIDTH="866" HEIGHT="57">
						<String ID="P1_ST00984" HPOS="1901" VPOS="3822" WIDTH="128" HEIGHT="39" CONTENT="ticles" SUBS_TYPE="HypPart2" SUBS_CONTENT="articles" WC="0.98" CC="750032"/>
						<SP ID="P1_SP00785" HPOS="2028" VPOS="3861" WIDTH="35"/>
						<String ID="P1_ST00985" HPOS="2063" VPOS="3824" WIDTH="88" HEIGHT="39" CONTENT="and" WC="0.93" CC="685"/>
						<SP ID="P1_SP00786" HPOS="2151" VPOS="3863" WIDTH="38"/>
						<String ID="P1_ST00986" HPOS="2189" VPOS="3824" WIDTH="194" HEIGHT="41" CONTENT="assisted" WC="0.99" CC="90040702"/>
						<SP ID="P1_SP00787" HPOS="2383" VPOS="3865" WIDTH="38"/>
						<String ID="P1_ST00987" HPOS="2420" VPOS="3825" WIDTH="41" HEIGHT="39" CONTENT="in" WC="0.38" CC="56"/>
						<SP ID="P1_SP00788" HPOS="2461" VPOS="3865" WIDTH="39"/>
						<String ID="P1_ST00988" HPOS="2501" VPOS="3827" WIDTH="74" HEIGHT="39" CONTENT="the" WC="0.98" CC="320"/>
						<SP ID="P1_SP00789" HPOS="2575" VPOS="3866" WIDTH="36"/>
						<String ID="P1_ST00989" HPOS="2611" VPOS="3839" WIDTH="131" HEIGHT="39" CONTENT="prepa" SUBS_TYPE="HypPart1" SUBS_CONTENT="preparation" WC="1.00" CC="05000"/>
						<HYP HPOS="2742" VPOS="3839" WIDTH="25" CONTENT="-"/>
					</TextLine>
					<TextLine ID="P1_TL00198" HPOS="1901" VPOS="3890" WIDTH="866" HEIGHT="54">
						<String ID="P1_ST00990" HPOS="1901" VPOS="3890" WIDTH="145" HEIGHT="39" CONTENT="ration" SUBS_TYPE="HypPart2" SUBS_CONTENT="preparation" WC="0.97" CC="920677"/>
						<SP ID="P1_SP00790" HPOS="2046" VPOS="3929" WIDTH="30"/>
						<String ID="P1_ST00991" HPOS="2076" VPOS="3891" WIDTH="46" HEIGHT="39" CONTENT="of" WC="0.40" CC="74"/>
						<SP ID="P1_SP00791" HPOS="2121" VPOS="3931" WIDTH="30"/>
						<String ID="P1_ST00992" HPOS="2151" VPOS="3893" WIDTH="74" HEIGHT="38" CONTENT="the" WC="0.99" CC="020"/>
						<SP ID="P1_SP00792" HPOS="2225" VPOS="3931" WIDTH="33"/>
						<String ID="P1_ST00993" HPOS="2258" VPOS="3893" WIDTH="191" HEIGHT="50" CONTENT="History" WC="0.98" CC="6520460"/>
						<SP ID="P1_SP00793" HPOS="2449" VPOS="3943" WIDTH="30"/>
						<String ID="P1_ST00994" HPOS="2479" VPOS="3893" WIDTH="46" HEIGHT="39" CONTENT="of" WC="0.47" CC="46"/>
						<SP ID="P1_SP00794" HPOS="2524" VPOS="3943" WIDTH="30"/>
						<String ID="P1_ST00995" HPOS="2554" VPOS="3894" WIDTH="213" HEIGHT="39" CONTENT="Harvard" WC="0.98" CC="4544503"/>
					</TextLine>
					<TextLine ID="P1_TL00199" HPOS="1901" VPOS="3957" WIDTH="317" HEIGHT="38">
						<String ID="P1_ST00996" HPOS="1901" VPOS="3957" WIDTH="107" HEIGHT="38" CONTENT="Law" WC="0.94" CC="079"/>
						<SP ID="P1_SP00795" HPOS="2008" VPOS="3995" WIDTH="31"/>
						<String ID="P1_ST00997" HPOS="2039" VPOS="3959" WIDTH="178" HEIGHT="36" CONTENT="School." WC="0.99" CC="0041560"/>
					</TextLine>
				</TextBlock>
				<TextBlock ID="P1_TB00029" HPOS="1898" VPOS="4069" WIDTH="876" HEIGHT="114" language="en" STYLEREFS="TXT_4 PAR_LEFT">
					<TextLine ID="P1_TL00200" HPOS="1898" VPOS="4072" WIDTH="628" HEIGHT="48">
						<String ID="P1_ST00998" HPOS="1898" VPOS="4072" WIDTH="243" HEIGHT="41" CONTENT="BROWN" WC="0.97" CC="69003"/>
						<SP ID="P1_SP00796" HPOS="2140" VPOS="4113" WIDTH="28"/>
						<String ID="P1_ST00999" HPOS="2169" VPOS="4076" WIDTH="241" HEIGHT="44" CONTENT="PLACES" WC="0.98" CC="470027"/>
						<SP ID="P1_SP00797" HPOS="2409" VPOS="4120" WIDTH="28"/>
						<String ID="P1_ST01000" HPOS="2438" VPOS="4077" WIDTH="88" HEIGHT="39" CONTENT="NO" WC="0.63" CC="51"/>
					</TextLine>
					<TextLine ID="P1_TL00201" HPOS="2068" VPOS="4143" WIDTH="696" HEIGHT="40">
						<String ID="P1_ST01001" HPOS="2068" VPOS="4143" WIDTH="402" HEIGHT="39" CONTENT="INDIVIDUAL" WC="0.99" CC="4060214000"/>
						<SP ID="P1_SP00798" HPOS="2469" VPOS="4183" WIDTH="36"/>
						<String ID="P1_ST01002" HPOS="2506" VPOS="4146" WIDTH="258" HEIGHT="36" CONTENT="SCORER." WC="1.00" CC="0010002"/>
					</TextLine>
				</TextBlock>
				<TextBlock ID="P1_TB00030" HPOS="1898" VPOS="4274" WIDTH="852" HEIGHT="191" language="en" STYLEREFS="TXT_4 PAR_LEFT">
					<TextLine ID="P1_TL00202" HPOS="1898" VPOS="4276" WIDTH="852" HEIGHT="50">
						<String ID="P1_ST01003" HPOS="1898" VPOS="4277" WIDTH="337" HEIGHT="49" CONTENT="Pennsylvania" WC="0.99" CC="500303790660"/>
						<SP ID="P1_SP00799" HPOS="2235" VPOS="4326" WIDTH="41"/>
						<String ID="P1_ST01004" HPOS="2276" VPOS="4276" WIDTH="161" HEIGHT="43" CONTENT="Places" WC="0.99" CC="041000"/>
						<SP ID="P1_SP00800" HPOS="2436" VPOS="4326" WIDTH="44"/>
						<String ID="P1_ST01005" HPOS="2480" VPOS="4282" WIDTH="121" HEIGHT="38" CONTENT="Four" WC="1.00" CC="0020"/>
						<SP ID="P1_SP00801" HPOS="2602" VPOS="4326" WIDTH="41"/>
						<String ID="P1_ST01006" HPOS="2643" VPOS="4280" WIDTH="107" HEIGHT="41" CONTENT="Men." WC="1.00" CC="0001"/>
					</TextLine>
					<TextLine ID="P1_TL00203" HPOS="1924" VPOS="4345" WIDTH="813" HEIGHT="44">
						<String ID="P1_ST01007" HPOS="1924" VPOS="4345" WIDTH="279" HEIGHT="38" CONTENT="Dartmouth" WC="0.99" CC="000090606"/>
						<SP ID="P1_SP00802" HPOS="2203" VPOS="4383" WIDTH="35"/>
						<String ID="P1_ST01008" HPOS="2238" VPOS="4348" WIDTH="87" HEIGHT="36" CONTENT="and" WC="0.99" CC="030"/>
						<SP ID="P1_SP00803" HPOS="2324" VPOS="4384" WIDTH="33"/>
						<String ID="P1_ST01009" HPOS="2357" VPOS="4348" WIDTH="213" HEIGHT="39" CONTENT="Harvard" WC="0.99" CC="2027000"/>
						<SP ID="P1_SP00804" HPOS="2570" VPOS="4387" WIDTH="35"/>
						<String ID="P1_ST01010" HPOS="2605" VPOS="4348" WIDTH="132" HEIGHT="41" CONTENT="Have" WC="0.97" CC="6350"/>
					</TextLine>
					<TextLine ID="P1_TL00204" HPOS="2115" VPOS="4416" WIDTH="425" HEIGHT="38">
						<String ID="P1_ST01011" HPOS="2115" VPOS="4416" WIDTH="115" HEIGHT="38" CONTENT="Two" WC="0.97" CC="060"/>
						<SP ID="P1_SP00805" HPOS="2230" VPOS="4454" WIDTH="33"/>
						<String ID="P1_ST01012" HPOS="2263" VPOS="4416" WIDTH="109" HEIGHT="38" CONTENT="Men" WC="0.98" CC="005"/>
						<SP ID="P1_SP00806" HPOS="2372" VPOS="4454" WIDTH="31"/>
						<String ID="P1_ST01013" HPOS="2403" VPOS="4416" WIDTH="137" HEIGHT="38" CONTENT="Each." WC="0.99" CC="02003"/>
					</TextLine>
				</TextBlock>
				<TextBlock ID="P1_TB00031" HPOS="1858" VPOS="4471" WIDTH="914" HEIGHT="1425" language="en" STYLEREFS="TXT_1 PAR_BLOCK">
					<TextLine ID="P1_TL00205" HPOS="1858" VPOS="4490" WIDTH="902" HEIGHT="58">
						<String ID="P1_ST01014" HPOS="1858" VPOS="4493" WIDTH="16" HEIGHT="55" CONTENT="_i" WC="0.38" CC="48"/>
						<SP ID="P1_SP00807" HPOS="1874" VPOS="4548" WIDTH="77"/>
						<String ID="P1_ST01015" HPOS="1951" VPOS="4490" WIDTH="164" HEIGHT="39" CONTENT="Brown" WC="0.96" CC="30798"/>
						<SP ID="P1_SP00808" HPOS="2115" VPOS="4548" WIDTH="35"/>
						<String ID="P1_ST01016" HPOS="2150" VPOS="4493" WIDTH="109" HEIGHT="38" CONTENT="does" WC="0.94" CC="7779"/>
						<SP ID="P1_SP00809" HPOS="2258" VPOS="4548" WIDTH="31"/>
						<String ID="P1_ST01017" HPOS="2290" VPOS="4501" WIDTH="79" HEIGHT="31" CONTENT="not" WC="0.95" CC="760"/>
						<SP ID="P1_SP00810" HPOS="2369" VPOS="4548" WIDTH="35"/>
						<String ID="P1_ST01018" HPOS="2403" VPOS="4494" WIDTH="123" HEIGHT="49" CONTENT="place" WC="0.98" CC="00604"/>
						<SP ID="P1_SP00811" HPOS="2526" VPOS="4548" WIDTH="33"/>
						<String ID="P1_ST01019" HPOS="2559" VPOS="4509" WIDTH="25" HEIGHT="25" CONTENT="a" WC="0.43" CC="5"/>
						<SP ID="P1_SP00812" HPOS="2584" VPOS="4548" WIDTH="33"/>
						<String ID="P1_ST01020" HPOS="2617" VPOS="4496" WIDTH="143" HEIGHT="50" CONTENT="single" WC="0.96" CC="707947"/>
					</TextLine>
					<TextLine ID="P1_TL00206" HPOS="1871" VPOS="4553" WIDTH="901" HEIGHT="66">
						<String ID="P1_ST01021" HPOS="1871" VPOS="4553" WIDTH="3" HEIGHT="66" CONTENT="j" WC="0.30" CC="6" STYLEREFS="TXT_8"/>
						<SP ID="P1_SP00813" HPOS="1874" VPOS="4619" WIDTH="24"/>
						<String ID="P1_ST01022" HPOS="1898" VPOS="4570" WIDTH="104" HEIGHT="27" CONTENT="man" WC="0.95" CC="326"/>
						<SP ID="P1_SP00814" HPOS="2002" VPOS="4619" WIDTH="44"/>
						<String ID="P1_ST01023" HPOS="2046" VPOS="4573" WIDTH="55" HEIGHT="24" CONTENT="on" WC="0.23" CC="77"/>
						<SP ID="P1_SP00815" HPOS="2101" VPOS="4619" WIDTH="49"/>
						<String ID="P1_ST01024" HPOS="2150" VPOS="4559" WIDTH="74" HEIGHT="39" CONTENT="the" WC="0.95" CC="066"/>
						<SP ID="P1_SP00816" HPOS="2224" VPOS="4619" WIDTH="46"/>
						<String ID="P1_ST01025" HPOS="2269" VPOS="4561" WIDTH="72" HEIGHT="39" CONTENT="list" WC="0.97" CC="0092"/>
						<SP ID="P1_SP00817" HPOS="2342" VPOS="4619" WIDTH="46"/>
						<String ID="P1_ST01026" HPOS="2387" VPOS="4561" WIDTH="47" HEIGHT="38" CONTENT="of" WC="0.33" CC="66"/>
						<SP ID="P1_SP00818" HPOS="2435" VPOS="4619" WIDTH="46"/>
						<String ID="P1_ST01027" HPOS="2480" VPOS="4553" WIDTH="291" HEIGHT="66" CONTENT="twenty-one}" WC="0.99" CC="06474006808"/>
					</TextLine>
					<TextLine ID="P1_TL00207" HPOS="1858" VPOS="4624" WIDTH="914" HEIGHT="58">
						<String ID="P1_ST01028" HPOS="1858" VPOS="4624" WIDTH="2" HEIGHT="58" CONTENT=":" STYLE="superscript" WC="0.24" CC="7"/>
						<String ID="P1_ST01029" HPOS="1869" VPOS="4624" WIDTH="3" HEIGHT="58" CONTENT="!" WC="0.50" CC="4"/>
						<SP ID="P1_SP00819" HPOS="1872" VPOS="4682" WIDTH="19"/>
						<String ID="P1_ST01030" HPOS="1891" VPOS="4625" WIDTH="180" HEIGHT="50" CONTENT="highest" WC="0.98" CC="3696000"/>
						<SP ID="P1_SP00820" HPOS="2071" VPOS="4682" WIDTH="33"/>
						<String ID="P1_ST01031" HPOS="2104" VPOS="4627" WIDTH="247" HEIGHT="41" CONTENT="individual" WC="0.99" CC="5402451632"/>
						<SP ID="P1_SP00821" HPOS="2351" VPOS="4682" WIDTH="35"/>
						<String ID="P1_ST01032" HPOS="2386" VPOS="4643" WIDTH="175" HEIGHT="27" CONTENT="scorers" WC="0.99" CC="0027030"/>
						<SP ID="P1_SP00822" HPOS="2561" VPOS="4682" WIDTH="33"/>
						<String ID="P1_ST01033" HPOS="2594" VPOS="4630" WIDTH="178" HEIGHT="52" CONTENT="during!" WC="0.98" CC="6200678"/>
					</TextLine>
					<TextLine ID="P1_TL00208" HPOS="1890" VPOS="4694" WIDTH="866" HEIGHT="51">
						<String ID="P1_ST01034" HPOS="1890" VPOS="4694" WIDTH="74" HEIGHT="38" CONTENT="the" WC="0.96" CC="242"/>
						<SP ID="P1_SP00823" HPOS="1964" VPOS="4732" WIDTH="39"/>
						<String ID="P1_ST01035" HPOS="2003" VPOS="4702" WIDTH="101" HEIGHT="43" CONTENT="past" WC="0.99" CC="0600"/>
						<SP ID="P1_SP00824" HPOS="2104" VPOS="4745" WIDTH="50"/>
						<String ID="P1_ST01036" HPOS="2154" VPOS="4694" WIDTH="189" HEIGHT="41" CONTENT="football" WC="0.99" CC="50006905"/>
						<SP ID="P1_SP00825" HPOS="2343" VPOS="4745" WIDTH="39"/>
						<String ID="P1_ST01037" HPOS="2383" VPOS="4710" WIDTH="173" HEIGHT="27" CONTENT="season." WC="0.99" CC="5070060"/>
						<SP ID="P1_SP00826" HPOS="2556" VPOS="4745" WIDTH="82"/>
						<String ID="P1_ST01038" HPOS="2638" VPOS="4698" WIDTH="90" HEIGHT="41" CONTENT="Rod" SUBS_TYPE="HypPart1" SUBS_CONTENT="Rodgers," WC="0.97" CC="009"/>
						<HYP HPOS="2728" VPOS="4698" WIDTH="28" CONTENT="-"/>
					</TextLine>
					<TextLine ID="P1_TL00209" HPOS="1890" VPOS="4750" WIDTH="882" HEIGHT="58">
						<String ID="P1_ST01039" HPOS="1890" VPOS="4764" WIDTH="115" HEIGHT="36" CONTENT="gers," SUBS_TYPE="HypPart2" SUBS_CONTENT="Rodgers," WC="0.97" CC="94090"/>
						<SP ID="P1_SP00827" HPOS="2005" VPOS="4800" WIDTH="33"/>
						<String ID="P1_ST01040" HPOS="2038" VPOS="4750" WIDTH="200" HEIGHT="41" CONTENT="fullback" WC="0.98" CC="56637600"/>
						<SP ID="P1_SP00828" HPOS="2238" VPOS="4800" WIDTH="31"/>
						<String ID="P1_ST01041" HPOS="2269" VPOS="4753" WIDTH="68" HEIGHT="39" CONTENT="for" WC="0.98" CC="500"/>
						<SP ID="P1_SP00829" HPOS="2337" VPOS="4800" WIDTH="31"/>
						<String ID="P1_ST01042" HPOS="2369" VPOS="4753" WIDTH="131" HEIGHT="41" CONTENT="West" WC="0.98" CC="0063"/>
						<SP ID="P1_SP00830" HPOS="2499" VPOS="4800" WIDTH="35"/>
						<String ID="P1_ST01043" HPOS="2534" VPOS="4754" WIDTH="238" HEIGHT="54" CONTENT="Virginia,;" WC="0.99" CC="0649070446"/>
					</TextLine>
					<TextLine ID="P1_TL00210" HPOS="1888" VPOS="4808" WIDTH="884" HEIGHT="54">
						<String ID="P1_ST01044" HPOS="1888" VPOS="4808" WIDTH="123" HEIGHT="38" CONTENT="leads" WC="0.98" CC="40650"/>
						<SP ID="P1_SP00831" HPOS="2011" VPOS="4846" WIDTH="38"/>
						<String ID="P1_ST01045" HPOS="2049" VPOS="4808" WIDTH="74" HEIGHT="39" CONTENT="the" WC="0.94" CC="671"/>
						<SP ID="P1_SP00832" HPOS="2123" VPOS="4847" WIDTH="39"/>
						<String ID="P1_ST01046" HPOS="2162" VPOS="4809" WIDTH="74" HEIGHT="38" CONTENT="list" WC="0.98" CC="2500"/>
						<SP ID="P1_SP00833" HPOS="2236" VPOS="4847" WIDTH="41"/>
						<String ID="P1_ST01047" HPOS="2277" VPOS="4809" WIDTH="109" HEIGHT="41" CONTENT="with" WC="0.97" CC="9210"/>
						<SP ID="P1_SP00834" HPOS="2386" VPOS="4850" WIDTH="38"/>
						<String ID="P1_ST01048" HPOS="2424" VPOS="4825" WIDTH="85" HEIGHT="25" CONTENT="one" WC="0.95" CC="680"/>
						<SP ID="P1_SP00835" HPOS="2509" VPOS="4850" WIDTH="41"/>
						<String ID="P1_ST01049" HPOS="2550" VPOS="4811" WIDTH="202" HEIGHT="43" CONTENT="hundred" WC="0.98" CC="6873004"/>
						<SP ID="P1_SP00836" HPOS="2751" VPOS="4854" WIDTH="19"/>
						<String ID="P1_ST01050" HPOS="2770" VPOS="4808" WIDTH="2" HEIGHT="54" CONTENT="j" WC="0.44" CC="5" STYLEREFS="TXT_8"/>
					</TextLine>
					<TextLine ID="P1_TL00211" HPOS="1865" VPOS="4863" WIDTH="907" HEIGHT="60">
						<String ID="P1_ST01051" HPOS="1865" VPOS="4863" WIDTH="5" HEIGHT="60" CONTENT="j" WC="0.49" CC="5" STYLEREFS="TXT_8"/>
						<SP ID="P1_SP00837" HPOS="1869" VPOS="4923" WIDTH="16"/>
						<String ID="P1_ST01052" HPOS="1885" VPOS="4863" WIDTH="87" HEIGHT="39" CONTENT="and" WC="0.92" CC="676"/>
						<SP ID="P1_SP00838" HPOS="1972" VPOS="4923" WIDTH="66"/>
						<String ID="P1_ST01053" HPOS="2038" VPOS="4863" WIDTH="279" HEIGHT="52" CONTENT="forty-seven" WC="0.99" CC="14040000018"/>
						<SP ID="P1_SP00839" HPOS="2317" VPOS="4923" WIDTH="66"/>
						<String ID="P1_ST01054" HPOS="2383" VPOS="4868" WIDTH="164" HEIGHT="50" CONTENT="points." WC="0.99" CC="0338000"/>
						<SP ID="P1_SP00840" HPOS="2546" VPOS="4923" WIDTH="94"/>
						<String ID="P1_ST01055" HPOS="2641" VPOS="4868" WIDTH="112" HEIGHT="41" CONTENT="This" WC="0.98" CC="0009"/>
						<SP ID="P1_SP00841" HPOS="2753" VPOS="4923" WIDTH="17"/>
						<String ID="P1_ST01056" HPOS="2770" VPOS="4863" WIDTH="2" HEIGHT="60" CONTENT="j" WC="0.15" CC="8" STYLEREFS="TXT_8"/>
					</TextLine>
					<TextLine ID="P1_TL00212" HPOS="1887" VPOS="4923" WIDTH="885" HEIGHT="54">
						<String ID="P1_ST01057" HPOS="1887" VPOS="4934" WIDTH="124" HEIGHT="27" CONTENT="score" WC="0.97" CC="70660"/>
						<SP ID="P1_SP00842" HPOS="2011" VPOS="4961" WIDTH="30"/>
						<String ID="P1_ST01058" HPOS="2041" VPOS="4923" WIDTH="189" HEIGHT="39" CONTENT="doubles" WC="0.98" CC="6080441"/>
						<SP ID="P1_SP00843" HPOS="2230" VPOS="4962" WIDTH="28"/>
						<String ID="P1_ST01059" HPOS="2258" VPOS="4923" WIDTH="76" HEIGHT="41" CONTENT="the" WC="0.98" CC="040"/>
						<SP ID="P1_SP00844" HPOS="2334" VPOS="4964" WIDTH="28"/>
						<String ID="P1_ST01060" HPOS="2362" VPOS="4924" WIDTH="165" HEIGHT="39" CONTENT="second" WC="0.99" CC="300070"/>
						<SP ID="P1_SP00845" HPOS="2528" VPOS="4964" WIDTH="31"/>
						<String ID="P1_ST01061" HPOS="2559" VPOS="4923" WIDTH="213" HEIGHT="54" CONTENT="highest,!" WC="0.99" CC="639000008"/>
					</TextLine>
					<TextLine ID="P1_TL00213" HPOS="1885" VPOS="4978" WIDTH="865" HEIGHT="46">
						<String ID="P1_ST01062" HPOS="1885" VPOS="4978" WIDTH="101" HEIGHT="38" CONTENT="who" WC="0.92" CC="947"/>
						<SP ID="P1_SP00846" HPOS="1986" VPOS="5016" WIDTH="41"/>
						<String ID="P1_ST01063" HPOS="2027" VPOS="4978" WIDTH="35" HEIGHT="39" CONTENT="is" WC="0.69" CC="60"/>
						<SP ID="P1_SP00847" HPOS="2061" VPOS="5017" WIDTH="36"/>
						<String ID="P1_ST01064" HPOS="2098" VPOS="4980" WIDTH="211" HEIGHT="44" CONTENT="Weldon," WC="0.99" CC="2004250"/>
						<SP ID="P1_SP00848" HPOS="2309" VPOS="5024" WIDTH="38"/>
						<String ID="P1_ST01065" HPOS="2346" VPOS="4981" WIDTH="198" HEIGHT="39" CONTENT="fullback" WC="0.98" CC="57306600"/>
						<SP ID="P1_SP00849" HPOS="2545" VPOS="5024" WIDTH="39"/>
						<String ID="P1_ST01066" HPOS="2584" VPOS="4983" WIDTH="46" HEIGHT="36" CONTENT="of" WC="0.44" CC="73"/>
						<SP ID="P1_SP00850" HPOS="2630" VPOS="5024" WIDTH="38"/>
						<String ID="P1_ST01067" HPOS="2668" VPOS="4983" WIDTH="55" HEIGHT="39" CONTENT="La" SUBS_TYPE="HypPart1" SUBS_CONTENT="Lafayette," WC="0.97" CC="07"/>
						<HYP HPOS="2723" VPOS="4983" WIDTH="27" CONTENT="-"/>
					</TextLine>
					<TextLine ID="P1_TL00214" HPOS="1887" VPOS="5033" WIDTH="885" HEIGHT="57">
						<String ID="P1_ST01068" HPOS="1887" VPOS="5035" WIDTH="184" HEIGHT="50" CONTENT="fayette," SUBS_TYPE="HypPart2" SUBS_CONTENT="Lafayette," WC="0.99" CC="66804000"/>
						<SP ID="P1_SP00851" HPOS="2071" VPOS="5085" WIDTH="38"/>
						<String ID="P1_ST01069" HPOS="2109" VPOS="5036" WIDTH="68" HEIGHT="39" CONTENT="his" WC="1.00" CC="000"/>
						<SP ID="P1_SP00852" HPOS="2176" VPOS="5085" WIDTH="35"/>
						<String ID="P1_ST01070" HPOS="2211" VPOS="5050" WIDTH="126" HEIGHT="27" CONTENT="score" WC="0.99" CC="00051"/>
						<SP ID="P1_SP00853" HPOS="2337" VPOS="5085" WIDTH="36"/>
						<String ID="P1_ST01071" HPOS="2373" VPOS="5036" WIDTH="135" HEIGHT="52" CONTENT="being" WC="0.98" CC="50470"/>
						<SP ID="P1_SP00854" HPOS="2509" VPOS="5088" WIDTH="33"/>
						<String ID="P1_ST01072" HPOS="2542" VPOS="5033" WIDTH="230" HEIGHT="57" CONTENT="seventy-1" WC="0.99" CC="005070008"/>
					</TextLine>
					<TextLine ID="P1_TL00215" HPOS="1861" VPOS="5090" WIDTH="890" HEIGHT="57">
						<String ID="P1_ST01073" HPOS="1861" VPOS="5090" WIDTH="3" HEIGHT="57" CONTENT=";" WC="0.28" CC="7"/>
						<SP ID="P1_SP00855" HPOS="1865" VPOS="5146" WIDTH="17"/>
						<String ID="P1_ST01074" HPOS="1882" VPOS="5090" WIDTH="115" HEIGHT="41" CONTENT="nine." WC="0.97" CC="86700"/>
						<SP ID="P1_SP00856" HPOS="1997" VPOS="5146" WIDTH="58"/>
						<String ID="P1_ST01075" HPOS="2055" VPOS="5093" WIDTH="238" HEIGHT="52" CONTENT="Hastings," WC="0.99" CC="290008700"/>
						<SP ID="P1_SP00857" HPOS="2293" VPOS="5146" WIDTH="27"/>
						<String ID="P1_ST01076" HPOS="2320" VPOS="5094" WIDTH="121" HEIGHT="52" CONTENT="right" WC="0.99" CC="00602"/>
						<SP ID="P1_SP00858" HPOS="2441" VPOS="5146" WIDTH="27"/>
						<String ID="P1_ST01077" HPOS="2468" VPOS="5096" WIDTH="209" HEIGHT="41" CONTENT="halfback" WC="0.98" CC="04366936"/>
						<SP ID="P1_SP00859" HPOS="2677" VPOS="5146" WIDTH="27"/>
						<String ID="P1_ST01078" HPOS="2704" VPOS="5096" WIDTH="47" HEIGHT="39" CONTENT="of" WC="1.00" CC="00"/>
					</TextLine>
					<TextLine ID="P1_TL00216" HPOS="1860" VPOS="5137" WIDTH="890" HEIGHT="65">
						<String ID="P1_ST01079" HPOS="1860" VPOS="5137" WIDTH="3" HEIGHT="65" CONTENT="j" WC="0.54" CC="4"/>
						<SP ID="P1_SP00860" HPOS="1863" VPOS="5202" WIDTH="22"/>
						<String ID="P1_ST01080" HPOS="1885" VPOS="5148" WIDTH="250" HEIGHT="54" CONTENT="Pittsburg," WC="0.99" CC="4053477090"/>
						<SP ID="P1_SP00861" HPOS="2135" VPOS="5202" WIDTH="36"/>
						<String ID="P1_ST01081" HPOS="2172" VPOS="5151" WIDTH="157" HEIGHT="39" CONTENT="stands" WC="0.98" CC="009720"/>
						<SP ID="P1_SP00862" HPOS="2329" VPOS="5202" WIDTH="33"/>
						<String ID="P1_ST01082" HPOS="2362" VPOS="5151" WIDTH="118" HEIGHT="41" CONTENT="third" WC="0.97" CC="46008"/>
						<SP ID="P1_SP00863" HPOS="2480" VPOS="5202" WIDTH="36"/>
						<String ID="P1_ST01083" HPOS="2517" VPOS="5153" WIDTH="112" HEIGHT="39" CONTENT="with" WC="0.99" CC="0030"/>
						<SP ID="P1_SP00864" HPOS="2628" VPOS="5202" WIDTH="35"/>
						<String ID="P1_ST01084" HPOS="2663" VPOS="5153" WIDTH="66" HEIGHT="39" CONTENT="six" SUBS_TYPE="HypPart1" SUBS_CONTENT="six;" WC="0.53" CC="750"/>
						<HYP HPOS="2729" VPOS="5153" WIDTH="20" CONTENT="-"/>
					</TextLine>
					<TextLine ID="P1_TL00217" HPOS="1860" VPOS="5206" WIDTH="909" HEIGHT="54">
						<String ID="P1_ST01085" HPOS="1860" VPOS="5206" WIDTH="3" HEIGHT="54" CONTENT=";" SUBS_TYPE="HypPart2" SUBS_CONTENT="six;" WC="1.00" CC="0"/>
						<SP ID="P1_SP00865" HPOS="1863" VPOS="5260" WIDTH="19"/>
						<String ID="P1_ST01086" HPOS="1882" VPOS="5206" WIDTH="139" HEIGHT="49" CONTENT="ty-six" WC="0.66" CC="180405"/>
						<SP ID="P1_SP00866" HPOS="2020" VPOS="5260" WIDTH="35"/>
						<String ID="P1_ST01087" HPOS="2055" VPOS="5206" WIDTH="165" HEIGHT="50" CONTENT="points." WC="1.00" CC="0016000"/>
						<SP ID="P1_SP00867" HPOS="2220" VPOS="5260" WIDTH="65"/>
						<String ID="P1_ST01088" HPOS="2285" VPOS="5208" WIDTH="126" HEIGHT="44" CONTENT="Zink," WC="0.98" CC="50700"/>
						<SP ID="P1_SP00868" HPOS="2411" VPOS="5260" WIDTH="36"/>
						<String ID="P1_ST01089" HPOS="2447" VPOS="5209" WIDTH="299" HEIGHT="50" CONTENT="quarterback" WC="0.99" CC="21500051968"/>
						<SP ID="P1_SP00869" HPOS="2746" VPOS="5260" WIDTH="20"/>
						<String ID="P1_ST01090" HPOS="2767" VPOS="5206" WIDTH="2" HEIGHT="54" CONTENT=";" WC="0.25" CC="7"/>
					</TextLine>
					<TextLine ID="P1_TL00218" HPOS="1879" VPOS="5261" WIDTH="866" HEIGHT="51">
						<String ID="P1_ST01091" HPOS="1879" VPOS="5261" WIDTH="46" HEIGHT="39" CONTENT="of" WC="0.25" CC="95"/>
						<SP ID="P1_SP00870" HPOS="1924" VPOS="5301" WIDTH="38"/>
						<String ID="P1_ST01092" HPOS="1962" VPOS="5263" WIDTH="231" HEIGHT="49" CONTENT="Amherst," WC="0.99" CC="01004600"/>
						<SP ID="P1_SP00871" HPOS="2194" VPOS="5312" WIDTH="41"/>
						<String ID="P1_ST01093" HPOS="2235" VPOS="5266" WIDTH="173" HEIGHT="39" CONTENT="“rates”" WC="0.98" CC="8490058"/>
						<SP ID="P1_SP00872" HPOS="2408" VPOS="5312" WIDTH="38"/>
						<String ID="P1_ST01094" HPOS="2446" VPOS="5265" WIDTH="153" HEIGHT="41" CONTENT="fourth" WC="0.98" CC="700306"/>
						<SP ID="P1_SP00873" HPOS="2598" VPOS="5312" WIDTH="43"/>
						<String ID="P1_ST01095" HPOS="2641" VPOS="5268" WIDTH="79" HEIGHT="38" CONTENT="hav" SUBS_TYPE="HypPart1" SUBS_CONTENT="having" WC="0.97" CC="094"/>
						<HYP HPOS="2720" VPOS="5268" WIDTH="25" CONTENT="-"/>
					</TextLine>
					<TextLine ID="P1_TL00219" HPOS="1880" VPOS="5320" WIDTH="887" HEIGHT="65">
						<String ID="P1_ST01096" HPOS="1880" VPOS="5320" WIDTH="76" HEIGHT="50" CONTENT="ing" SUBS_TYPE="HypPart2" SUBS_CONTENT="having" WC="0.92" CC="379"/>
						<SP ID="P1_SP00874" HPOS="1956" VPOS="5370" WIDTH="60"/>
						<String ID="P1_ST01097" HPOS="2016" VPOS="5320" WIDTH="80" HEIGHT="39" CONTENT="hut" WC="0.93" CC="746"/>
						<SP ID="P1_SP00875" HPOS="2096" VPOS="5370" WIDTH="61"/>
						<String ID="P1_ST01098" HPOS="2157" VPOS="5334" WIDTH="82" HEIGHT="27" CONTENT="one" WC="0.94" CC="870"/>
						<SP ID="P1_SP00876" HPOS="2239" VPOS="5370" WIDTH="61"/>
						<String ID="P1_ST01099" HPOS="2301" VPOS="5323" WIDTH="126" HEIGHT="49" CONTENT="point" WC="0.98" CC="06080"/>
						<SP ID="P1_SP00877" HPOS="2427" VPOS="5372" WIDTH="61"/>
						<String ID="P1_ST01100" HPOS="2488" VPOS="5323" WIDTH="88" HEIGHT="41" CONTENT="less" WC="0.97" CC="1064"/>
						<SP ID="P1_SP00878" HPOS="2576" VPOS="5372" WIDTH="60"/>
						<String ID="P1_ST01101" HPOS="2636" VPOS="5323" WIDTH="106" HEIGHT="41" CONTENT="than" WC="0.94" CC="3698"/>
						<SP ID="P1_SP00879" HPOS="2742" VPOS="5372" WIDTH="22"/>
						<String ID="P1_ST01102" HPOS="2764" VPOS="5320" WIDTH="3" HEIGHT="65" CONTENT="j" WC="0.13" CC="8"/>
					</TextLine>
					<TextLine ID="P1_TL00220" HPOS="1880" VPOS="5375" WIDTH="235" HEIGHT="52">
						<String ID="P1_ST01103" HPOS="1880" VPOS="5375" WIDTH="235" HEIGHT="52" CONTENT="Hastings." WC="0.99" CC="663143900"/>
					</TextLine>
					<TextLine ID="P1_TL00221" HPOS="1935" VPOS="5433" WIDTH="829" HEIGHT="66">
						<String ID="P1_ST01104" HPOS="1935" VPOS="5433" WIDTH="350" HEIGHT="52" CONTENT="Pennsylvania," WC="0.99" CC="0075033157520"/>
						<SP ID="P1_SP00880" HPOS="2285" VPOS="5485" WIDTH="28"/>
						<String ID="P1_ST01105" HPOS="2313" VPOS="5436" WIDTH="109" HEIGHT="41" CONTENT="with" WC="0.98" CC="0605"/>
						<SP ID="P1_SP00881" HPOS="2422" VPOS="5485" WIDTH="30"/>
						<String ID="P1_ST01106" HPOS="2452" VPOS="5436" WIDTH="124" HEIGHT="41" CONTENT="three" WC="0.99" CC="16100"/>
						<SP ID="P1_SP00882" HPOS="2576" VPOS="5485" WIDTH="28"/>
						<String ID="P1_ST01107" HPOS="2605" VPOS="5438" WIDTH="140" HEIGHT="41" CONTENT="men’s" WC="0.97" CC="00786"/>
						<SP ID="P1_SP00883" HPOS="2745" VPOS="5485" WIDTH="16"/>
						<String ID="P1_ST01108" HPOS="2761" VPOS="5433" WIDTH="3" HEIGHT="66" CONTENT="j" WC="0.28" CC="7"/>
					</TextLine>
					<TextLine ID="P1_TL00222" HPOS="1879" VPOS="5480" WIDTH="885" HEIGHT="68">
						<String ID="P1_ST01109" HPOS="1879" VPOS="5504" WIDTH="154" HEIGHT="27" CONTENT="names" WC="0.96" CC="77904"/>
						<SP ID="P1_SP00884" HPOS="2033" VPOS="5531" WIDTH="72"/>
						<String ID="P1_ST01110" HPOS="2106" VPOS="5491" WIDTH="260" HEIGHT="52" CONTENT="appearing," WC="0.99" CC="2000845870"/>
						<SP ID="P1_SP00885" HPOS="2365" VPOS="5543" WIDTH="44"/>
						<String ID="P1_ST01111" HPOS="2409" VPOS="5493" WIDTH="98" HEIGHT="39" CONTENT="lead" WC="0.97" CC="4056"/>
						<SP ID="P1_SP00886" HPOS="2507" VPOS="5543" WIDTH="46"/>
						<String ID="P1_ST01112" HPOS="2553" VPOS="5493" WIDTH="41" HEIGHT="38" CONTENT="in" WC="0.34" CC="66"/>
						<SP ID="P1_SP00887" HPOS="2594" VPOS="5543" WIDTH="76"/>
						<String ID="P1_ST01113" HPOS="2669" VPOS="5494" WIDTH="72" HEIGHT="39" CONTENT="the" WC="0.97" CC="160"/>
						<SP ID="P1_SP00888" HPOS="2742" VPOS="5543" WIDTH="17"/>
						<String ID="P1_ST01114" HPOS="2759" VPOS="5480" WIDTH="5" HEIGHT="68" CONTENT="|" WC="0.53" CC="4"/>
					</TextLine>
					<TextLine ID="P1_TL00223" HPOS="1874" VPOS="5548" WIDTH="888" HEIGHT="44">
						<String ID="P1_ST01115" HPOS="1874" VPOS="5548" WIDTH="191" HEIGHT="39" CONTENT="number" WC="0.97" CC="765700"/>
						<SP ID="P1_SP00889" HPOS="2065" VPOS="5587" WIDTH="63"/>
						<String ID="P1_ST01116" HPOS="2128" VPOS="5548" WIDTH="46" HEIGHT="39" CONTENT="of" WC="0.39" CC="65"/>
						<SP ID="P1_SP00890" HPOS="2173" VPOS="5587" WIDTH="38"/>
						<String ID="P1_ST01117" HPOS="2211" VPOS="5564" WIDTH="99" HEIGHT="25" CONTENT="men" WC="0.97" CC="008"/>
						<SP ID="P1_SP00891" HPOS="2310" VPOS="5589" WIDTH="38"/>
						<String ID="P1_ST01118" HPOS="2348" VPOS="5565" WIDTH="55" HEIGHT="22" CONTENT="on" WC="0.60" CC="07"/>
						<SP ID="P1_SP00892" HPOS="2403" VPOS="5589" WIDTH="68"/>
						<String ID="P1_ST01119" HPOS="2471" VPOS="5550" WIDTH="85" HEIGHT="41" CONTENT="list." WC="0.99" CC="05000"/>
						<SP ID="P1_SP00893" HPOS="2556" VPOS="5591" WIDTH="69"/>
						<String ID="P1_ST01120" HPOS="2625" VPOS="5551" WIDTH="115" HEIGHT="41" CONTENT="Har-" WC="0.52" CC="6290"/>
						<SP ID="P1_SP00894" HPOS="2740" VPOS="5592" WIDTH="19"/>
						<String ID="P1_ST01121" HPOS="2759" VPOS="5548" WIDTH="3" HEIGHT="44" CONTENT="!" WC="1.00" CC="9"/>
					</TextLine>
					<TextLine ID="P1_TL00224" HPOS="1874" VPOS="5605" WIDTH="863" HEIGHT="52">
						<String ID="P1_ST01122" HPOS="1874" VPOS="5605" WIDTH="121" HEIGHT="43" CONTENT="vard," WC="0.63" CC="56060"/>
						<SP ID="P1_SP00895" HPOS="1995" VPOS="5647" WIDTH="41"/>
						<String ID="P1_ST01123" HPOS="2036" VPOS="5605" WIDTH="258" HEIGHT="52" CONTENT="Wesleyan," WC="0.99" CC="000500570"/>
						<SP ID="P1_SP00896" HPOS="2294" VPOS="5657" WIDTH="41"/>
						<String ID="P1_ST01124" HPOS="2335" VPOS="5606" WIDTH="276" HEIGHT="41" CONTENT="Dartmouth" WC="0.99" CC="045001050"/>
						<SP ID="P1_SP00897" HPOS="2611" VPOS="5657" WIDTH="41"/>
						<String ID="P1_ST01125" HPOS="2652" VPOS="5609" WIDTH="85" HEIGHT="38" CONTENT="and" WC="0.93" CC="685"/>
					</TextLine>
					<TextLine ID="P1_TL00225" HPOS="1872" VPOS="5661" WIDTH="728" HEIGHT="52">
						<String ID="P1_ST01126" HPOS="1872" VPOS="5661" WIDTH="148" HEIGHT="52" CONTENT="Navy," WC="0.98" CC="33207"/>
						<SP ID="P1_SP00898" HPOS="2020" VPOS="5713" WIDTH="16"/>
						<String ID="P1_ST01127" HPOS="2036" VPOS="5661" WIDTH="112" HEIGHT="41" CONTENT="have" WC="0.99" CC="0150"/>
						<SP ID="P1_SP00899" HPOS="2148" VPOS="5713" WIDTH="28"/>
						<String ID="P1_ST01128" HPOS="2176" VPOS="5671" WIDTH="91" HEIGHT="33" CONTENT="two" WC="0.98" CC="050"/>
						<SP ID="P1_SP00900" HPOS="2268" VPOS="5713" WIDTH="30"/>
						<String ID="P1_ST01129" HPOS="2298" VPOS="5677" WIDTH="98" HEIGHT="27" CONTENT="men" WC="0.96" CC="406"/>
						<SP ID="P1_SP00901" HPOS="2395" VPOS="5713" WIDTH="30"/>
						<String ID="P1_ST01130" HPOS="2425" VPOS="5677" WIDTH="57" HEIGHT="27" CONTENT="on" WC="0.30" CC="67"/>
						<SP ID="P1_SP00902" HPOS="2482" VPOS="5713" WIDTH="30"/>
						<String ID="P1_ST01131" HPOS="2512" VPOS="5665" WIDTH="88" HEIGHT="41" CONTENT="list." WC="0.98" CC="74010"/>
					</TextLine>
					<TextLine ID="P1_TL00226" HPOS="1928" VPOS="5718" WIDTH="844" HEIGHT="54">
						<String ID="P1_ST01132" HPOS="1928" VPOS="5718" WIDTH="96" HEIGHT="39" CONTENT="The" WC="0.97" CC="061"/>
						<SP ID="P1_SP00903" HPOS="2024" VPOS="5757" WIDTH="31"/>
						<String ID="P1_ST01133" HPOS="2055" VPOS="5718" WIDTH="236" HEIGHT="54" CONTENT="following" WC="0.98" CC="502009639"/>
						<SP ID="P1_SP00904" HPOS="2291" VPOS="5772" WIDTH="33"/>
						<String ID="P1_ST01134" HPOS="2324" VPOS="5721" WIDTH="35" HEIGHT="39" CONTENT="is" WC="0.76" CC="40"/>
						<SP ID="P1_SP00905" HPOS="2359" VPOS="5772" WIDTH="31"/>
						<String ID="P1_ST01135" HPOS="2391" VPOS="5721" WIDTH="74" HEIGHT="39" CONTENT="the" WC="0.98" CC="140"/>
						<SP ID="P1_SP00906" HPOS="2465" VPOS="5772" WIDTH="35"/>
						<String ID="P1_ST01136" HPOS="2499" VPOS="5718" WIDTH="96" HEIGHT="54" CONTENT="list:" WC="0.97" CC="34550"/>
						<SP ID="P1_SP00907" HPOS="2595" VPOS="5772" WIDTH="175"/>
						<String ID="P1_ST01137" HPOS="2770" VPOS="5718" WIDTH="2" HEIGHT="54" CONTENT="1" WC="0.93" CC="0"/>
					</TextLine>
					<TextLine ID="P1_TL00227" HPOS="1929" VPOS="5775" WIDTH="843" HEIGHT="55">
						<String ID="P1_ST01138" HPOS="1929" VPOS="5775" WIDTH="161" HEIGHT="52" CONTENT="Player" WC="0.99" CC="035004"/>
						<SP ID="P1_SP00908" HPOS="2090" VPOS="5827" WIDTH="151"/>
						<String ID="P1_ST01139" HPOS="2241" VPOS="5775" WIDTH="184" HEIGHT="55" CONTENT="College" WC="0.99" CC="2056060"/>
						<SP ID="P1_SP00909" HPOS="2425" VPOS="5830" WIDTH="153"/>
						<String ID="P1_ST01140" HPOS="2578" VPOS="5778" WIDTH="159" HEIGHT="41" CONTENT="Points" WC="0.99" CC="002702"/>
						<SP ID="P1_SP00910" HPOS="2737" VPOS="5830" WIDTH="33"/>
						<String ID="P1_ST01141" HPOS="2770" VPOS="5775" WIDTH="2" HEIGHT="55" CONTENT=":" WC="0.17" CC="8"/>
					</TextLine>
					<TextLine ID="P1_TL00228" HPOS="1869" VPOS="5827" WIDTH="903" HEIGHT="60">
						<String ID="P1_ST01142" HPOS="1869" VPOS="5831" WIDTH="219" HEIGHT="54" CONTENT="Rodgers," WC="0.99" CC="00562000"/>
						<SP ID="P1_SP00911" HPOS="2088" VPOS="5885" WIDTH="28"/>
						<String ID="P1_ST01143" HPOS="2117" VPOS="5836" WIDTH="69" HEIGHT="38" CONTENT="W." WC="1.00" CC="00"/>
						<SP ID="P1_SP00912" HPOS="2186" VPOS="5885" WIDTH="28"/>
						<String ID="P1_ST01144" HPOS="2214" VPOS="5835" WIDTH="224" HEIGHT="52" CONTENT="Virginia," WC="0.98" CC="360956690"/>
						<SP ID="P1_SP00913" HPOS="2438" VPOS="5887" WIDTH="25"/>
						<String ID="P1_ST01145" HPOS="2463" VPOS="5836" WIDTH="27" HEIGHT="39" CONTENT="f." WC="0.73" CC="50"/>
						<SP ID="P1_SP00914" HPOS="2490" VPOS="5887" WIDTH="20"/>
						<String ID="P1_ST01146" HPOS="2510" VPOS="5836" WIDTH="47" HEIGHT="38" CONTENT="b." WC="0.69" CC="60"/>
						<SP ID="P1_SP00915" HPOS="2557" VPOS="5887" WIDTH="20"/>
						<String ID="P1_ST01147" HPOS="2578" VPOS="5869" WIDTH="8" HEIGHT="5" CONTENT="." WC="1.00" CC="0"/>
						<SP ID="P1_SP00916" HPOS="2586" VPOS="5887" WIDTH="20"/>
						<String ID="P1_ST01148" HPOS="2606" VPOS="5827" WIDTH="6" HEIGHT="60" CONTENT="." WC="1.00" CC="0"/>
						<SP ID="P1_SP00917" HPOS="2613" VPOS="5887" WIDTH="22"/>
						<String ID="P1_ST01149" HPOS="2635" VPOS="5836" WIDTH="99" HEIGHT="39" CONTENT=".147" WC="0.86" CC="0140"/>
						<SP ID="P1_SP00918" HPOS="2734" VPOS="5887" WIDTH="19"/>
						<String ID="P1_ST01150" HPOS="2753" VPOS="5827" WIDTH="5" HEIGHT="60" CONTENT="j" WC="0.36" CC="6"/>
						<SP ID="P1_SP00919" HPOS="2757" VPOS="5887" WIDTH="13"/>
						<String ID="P1_ST01151" HPOS="2770" VPOS="5827" WIDTH="2" HEIGHT="60" CONTENT="1" WC="0.22" CC="7"/>
					</TextLine>
				</TextBlock>
				<TextBlock ID="P1_TB00032" HPOS="2822" VPOS="754" WIDTH="864" HEIGHT="325" language="en" STYLEREFS="TXT_5 PAR_LEFT">
					<TextLine ID="P1_TL00229" HPOS="2822" VPOS="756" WIDTH="546" HEIGHT="80">
						<String ID="P1_ST01152" HPOS="2822" VPOS="756" WIDTH="290" HEIGHT="80" CONTENT="Combined" WC="0.97" CC="77667636"/>
						<SP ID="P1_SP00920" HPOS="3112" VPOS="836" WIDTH="36"/>
						<String ID="P1_ST01153" HPOS="3148" VPOS="757" WIDTH="220" HEIGHT="79" CONTENT="Musical" WC="0.98" CC="1730776"/>
					</TextLine>
					<TextLine ID="P1_TL00230" HPOS="2987" VPOS="868" WIDTH="555" HEIGHT="83">
						<String ID="P1_ST01154" HPOS="2987" VPOS="868" WIDTH="156" HEIGHT="80" CONTENT="Clubs" WC="0.96" CC="88870"/>
						<SP ID="P1_SP00921" HPOS="3143" VPOS="948" WIDTH="39"/>
						<String ID="P1_ST01155" HPOS="3183" VPOS="882" WIDTH="55" HEIGHT="66" CONTENT="at" WC="0.68" CC="60"/>
						<SP ID="P1_SP00922" HPOS="3238" VPOS="948" WIDTH="39"/>
						<String ID="P1_ST01156" HPOS="3277" VPOS="871" WIDTH="265" HEIGHT="80" CONTENT="Wheaton" WC="0.98" CC="0600677"/>
					</TextLine>
					<TextLine ID="P1_TL00231" HPOS="3180" VPOS="981" WIDTH="506" HEIGHT="98">
						<String ID="P1_ST01157" HPOS="3180" VPOS="981" WIDTH="214" HEIGHT="98" CONTENT="College" WC="0.98" CC="0660171"/>
						<SP ID="P1_SP00923" HPOS="3394" VPOS="1079" WIDTH="35"/>
						<String ID="P1_ST01158" HPOS="3428" VPOS="986" WIDTH="257" HEIGHT="93" CONTENT="To-night" WC="0.98" CC="07473661"/>
					</TextLine>
				</TextBlock>
				<TextBlock ID="P1_TB00033" HPOS="2816" VPOS="1150" WIDTH="863" HEIGHT="113" language="en" STYLEREFS="TXT_4 PAR_LEFT">
					<TextLine ID="P1_TL00232" HPOS="2816" VPOS="1151" WIDTH="863" HEIGHT="47">
						<String ID="P1_ST01159" HPOS="2816" VPOS="1151" WIDTH="187" HEIGHT="41" CONTENT="MANY" WC="1.00" CC="1000"/>
						<SP ID="P1_SP00924" HPOS="3003" VPOS="1192" WIDTH="31"/>
						<String ID="P1_ST01160" HPOS="3035" VPOS="1153" WIDTH="365" HEIGHT="44" CONTENT="NOVELTIES" WC="1.00" CC="050000000"/>
						<SP ID="P1_SP00925" HPOS="3400" VPOS="1197" WIDTH="31"/>
						<String ID="P1_ST01161" HPOS="3431" VPOS="1157" WIDTH="87" HEIGHT="39" CONTENT="ON" WC="1.00" CC="00"/>
						<SP ID="P1_SP00926" HPOS="3518" VPOS="1197" WIDTH="31"/>
						<String ID="P1_ST01162" HPOS="3550" VPOS="1157" WIDTH="129" HEIGHT="41" CONTENT="THE" WC="0.98" CC="050"/>
					</TextLine>
					<TextLine ID="P1_TL00233" HPOS="3083" VPOS="1222" WIDTH="326" HEIGHT="41">
						<String ID="P1_ST01163" HPOS="3083" VPOS="1222" WIDTH="326" HEIGHT="41" CONTENT="PROGRAM." WC="1.00" CC="32000003"/>
					</TextLine>
				</TextBlock>
				<TextBlock ID="P1_TB00034" HPOS="2816" VPOS="1343" WIDTH="863" HEIGHT="183" language="en" STYLEREFS="TXT_4 PAR_LEFT">
					<TextLine ID="P1_TL00234" HPOS="2816" VPOS="1346" WIDTH="863" HEIGHT="59">
						<String ID="P1_ST01164" HPOS="2816" VPOS="1346" WIDTH="183" HEIGHT="54" CONTENT="Medley" WC="1.00" CC="000100"/>
						<SP ID="P1_SP00927" HPOS="2998" VPOS="1400" WIDTH="44"/>
						<String ID="P1_ST01165" HPOS="3043" VPOS="1348" WIDTH="47" HEIGHT="39" CONTENT="of" WC="0.88" CC="02"/>
						<SP ID="P1_SP00928" HPOS="3090" VPOS="1400" WIDTH="44"/>
						<String ID="P1_ST01166" HPOS="3134" VPOS="1350" WIDTH="165" HEIGHT="39" CONTENT="Brown" WC="0.98" CC="20084"/>
						<SP ID="P1_SP00929" HPOS="3299" VPOS="1400" WIDTH="46"/>
						<String ID="P1_ST01167" HPOS="3345" VPOS="1351" WIDTH="148" HEIGHT="54" CONTENT="Songs" WC="0.98" CC="20540"/>
						<SP ID="P1_SP00930" HPOS="3493" VPOS="1405" WIDTH="43"/>
						<String ID="P1_ST01168" HPOS="3535" VPOS="1359" WIDTH="46" HEIGHT="35" CONTENT="to" WC="1.00" CC="00"/>
						<SP ID="P1_SP00931" HPOS="3581" VPOS="1405" WIDTH="44"/>
						<String ID="P1_ST01169" HPOS="3625" VPOS="1356" WIDTH="54" HEIGHT="38" CONTENT="be" WC="0.63" CC="07"/>
					</TextLine>
					<TextLine ID="P1_TL00235" HPOS="2910" VPOS="1417" WIDTH="678" HEIGHT="51">
						<String ID="P1_ST01170" HPOS="2910" VPOS="1417" WIDTH="213" HEIGHT="50" CONTENT="Opening" WC="0.98" CC="0636359" STYLEREFS="TXT_1"/>
						<SP ID="P1_SP00932" HPOS="3123" VPOS="1468" WIDTH="41"/>
						<String ID="P1_ST01171" HPOS="3164" VPOS="1419" WIDTH="424" HEIGHT="43" CONTENT="Feature.—Dance" WC="0.99" CC="30788420812100"/>
					</TextLine>
					<TextLine ID="P1_TL00236" HPOS="3063" VPOS="1487" WIDTH="370" HEIGHT="39">
						<String ID="P1_ST01172" HPOS="3063" VPOS="1487" WIDTH="131" HEIGHT="38" CONTENT="After" WC="0.98" CC="06504"/>
						<SP ID="P1_SP00933" HPOS="3194" VPOS="1524" WIDTH="33"/>
						<String ID="P1_ST01173" HPOS="3227" VPOS="1488" WIDTH="206" HEIGHT="38" CONTENT="Concert." WC="1.00" CC="00600002"/>
					</TextLine>
				</TextBlock>
				<TextBlock ID="P1_TB00035" HPOS="2811" VPOS="1562" WIDTH="865" HEIGHT="678" language="en" STYLEREFS="TXT_1 PAR_LEFT">
					<TextLine ID="P1_TL00237" HPOS="2869" VPOS="1565" WIDTH="807" HEIGHT="52">
						<String ID="P1_ST01174" HPOS="2869" VPOS="1565" WIDTH="220" HEIGHT="52" CONTENT="To-night" WC="0.99" CC="00350960"/>
						<SP ID="P1_SP00934" HPOS="3090" VPOS="1617" WIDTH="41"/>
						<String ID="P1_ST01175" HPOS="3131" VPOS="1565" WIDTH="72" HEIGHT="41" CONTENT="the" WC="0.96" CC="450"/>
						<SP ID="P1_SP00935" HPOS="3203" VPOS="1617" WIDTH="43"/>
						<String ID="P1_ST01176" HPOS="3246" VPOS="1567" WIDTH="249" HEIGHT="43" CONTENT="Combined" WC="0.99" CC="60063801"/>
						<SP ID="P1_SP00936" HPOS="3494" VPOS="1617" WIDTH="43"/>
						<String ID="P1_ST01177" HPOS="3537" VPOS="1570" WIDTH="112" HEIGHT="39" CONTENT="Musi" SUBS_TYPE="HypPart1" SUBS_CONTENT="Musical" WC="0.98" CC="2065"/>
						<HYP HPOS="3649" VPOS="1570" WIDTH="27" CONTENT="-"/>
					</TextLine>
					<TextLine ID="P1_TL00238" HPOS="2811" VPOS="1620" WIDTH="865" HEIGHT="56">
						<String ID="P1_ST01178" HPOS="2811" VPOS="1622" WIDTH="68" HEIGHT="39" CONTENT="cal" SUBS_TYPE="HypPart2" SUBS_CONTENT="Musical" WC="0.97" CC="340"/>
						<SP ID="P1_SP00937" HPOS="2879" VPOS="1661" WIDTH="36"/>
						<String ID="P1_ST01179" HPOS="2915" VPOS="1620" WIDTH="139" HEIGHT="43" CONTENT="Clubs" WC="0.96" CC="54960"/>
						<SP ID="P1_SP00938" HPOS="3054" VPOS="1663" WIDTH="36"/>
						<String ID="P1_ST01180" HPOS="3090" VPOS="1638" WIDTH="71" HEIGHT="25" CONTENT="are" WC="0.95" CC="560"/>
						<SP ID="P1_SP00939" HPOS="3161" VPOS="1663" WIDTH="38"/>
						<String ID="P1_ST01181" HPOS="3198" VPOS="1635" WIDTH="46" HEIGHT="31" CONTENT="to" WC="0.83" CC="30"/>
						<SP ID="P1_SP00940" HPOS="3244" VPOS="1666" WIDTH="35"/>
						<String ID="P1_ST01182" HPOS="3279" VPOS="1638" WIDTH="115" HEIGHT="38" CONTENT="open" WC="0.97" CC="0508"/>
						<SP ID="P1_SP00941" HPOS="3394" VPOS="1676" WIDTH="38"/>
						<String ID="P1_ST01183" HPOS="3431" VPOS="1627" WIDTH="115" HEIGHT="39" CONTENT="their" WC="0.99" CC="05200"/>
						<SP ID="P1_SP00942" HPOS="3546" VPOS="1676" WIDTH="33"/>
						<String ID="P1_ST01184" HPOS="3580" VPOS="1636" WIDTH="72" HEIGHT="31" CONTENT="out" SUBS_TYPE="HypPart1" SUBS_CONTENT="outof-town" WC="0.97" CC="085"/>
						<HYP HPOS="3652" VPOS="1636" WIDTH="24" CONTENT="-"/>
					</TextLine>
					<TextLine ID="P1_TL00239" HPOS="2813" VPOS="1679" WIDTH="863" HEIGHT="44">
						<String ID="P1_ST01185" HPOS="2813" VPOS="1679" WIDTH="192" HEIGHT="38" CONTENT="of-town" SUBS_TYPE="HypPart2" SUBS_CONTENT="outof-town" WC="0.98" CC="9600097"/>
						<SP ID="P1_SP00943" HPOS="3005" VPOS="1717" WIDTH="33"/>
						<String ID="P1_ST01186" HPOS="3038" VPOS="1693" WIDTH="159" HEIGHT="27" CONTENT="season" WC="0.97" CC="253638"/>
						<SP ID="P1_SP00944" HPOS="3197" VPOS="1720" WIDTH="31"/>
						<String ID="P1_ST01187" HPOS="3228" VPOS="1680" WIDTH="109" HEIGHT="41" CONTENT="with" WC="0.96" CC="9530"/>
						<SP ID="P1_SP00945" HPOS="3337" VPOS="1721" WIDTH="31"/>
						<String ID="P1_ST01188" HPOS="3369" VPOS="1696" WIDTH="22" HEIGHT="27" CONTENT="a" WC="0.60" CC="3"/>
						<SP ID="P1_SP00946" HPOS="3391" VPOS="1723" WIDTH="33"/>
						<String ID="P1_ST01189" HPOS="3424" VPOS="1691" WIDTH="180" HEIGHT="31" CONTENT="concert" WC="0.99" CC="6080000"/>
						<SP ID="P1_SP00947" HPOS="3603" VPOS="1723" WIDTH="31"/>
						<String ID="P1_ST01190" HPOS="3635" VPOS="1691" WIDTH="41" HEIGHT="31" CONTENT="at" WC="0.45" CC="73"/>
					</TextLine>
					<TextLine ID="P1_TL00240" HPOS="2811" VPOS="1732" WIDTH="863" HEIGHT="61">
						<String ID="P1_ST01191" HPOS="2811" VPOS="1732" WIDTH="230" HEIGHT="46" CONTENT="Wheaton" WC="0.99" CC="9024004"/>
						<SP ID="P1_SP00948" HPOS="3041" VPOS="1778" WIDTH="41"/>
						<String ID="P1_ST01192" HPOS="3082" VPOS="1739" WIDTH="197" HEIGHT="54" CONTENT="College," WC="0.98" CC="40616930"/>
						<SP ID="P1_SP00949" HPOS="3279" VPOS="1792" WIDTH="41"/>
						<String ID="P1_ST01193" HPOS="3320" VPOS="1740" WIDTH="178" HEIGHT="43" CONTENT="Norton" WC="0.98" CC="711007"/>
						<SP ID="P1_SP00950" HPOS="3498" VPOS="1792" WIDTH="38"/>
						<String ID="P1_ST01194" HPOS="3535" VPOS="1740" WIDTH="139" HEIGHT="43" CONTENT="Mass." WC="0.98" CC="01190"/>
					</TextLine>
					<TextLine ID="P1_TL00241" HPOS="2813" VPOS="1794" WIDTH="863" HEIGHT="47">
						<String ID="P1_ST01195" HPOS="2813" VPOS="1794" WIDTH="110" HEIGHT="43" CONTENT="This" WC="0.99" CC="0040"/>
						<SP ID="P1_SP00951" HPOS="2923" VPOS="1836" WIDTH="36"/>
						<String ID="P1_ST01196" HPOS="2959" VPOS="1795" WIDTH="91" HEIGHT="41" CONTENT="will" WC="0.97" CC="0652"/>
						<SP ID="P1_SP00952" HPOS="3050" VPOS="1836" WIDTH="39"/>
						<String ID="P1_ST01197" HPOS="3090" VPOS="1797" WIDTH="50" HEIGHT="41" CONTENT="be" WC="0.29" CC="67"/>
						<SP ID="P1_SP00953" HPOS="3140" VPOS="1838" WIDTH="38"/>
						<String ID="P1_ST01198" HPOS="3178" VPOS="1797" WIDTH="76" HEIGHT="43" CONTENT="the" WC="0.97" CC="170"/>
						<SP ID="P1_SP00954" HPOS="3254" VPOS="1839" WIDTH="39"/>
						<String ID="P1_ST01199" HPOS="3293" VPOS="1802" WIDTH="164" HEIGHT="39" CONTENT="second" WC="0.97" CC="047784"/>
						<SP ID="P1_SP00955" HPOS="3457" VPOS="1841" WIDTH="39"/>
						<String ID="P1_ST01200" HPOS="3496" VPOS="1809" WIDTH="180" HEIGHT="31" CONTENT="concert" WC="0.99" CC="0070004"/>
					</TextLine>
					<TextLine ID="P1_TL00242" HPOS="2811" VPOS="1852" WIDTH="865" HEIGHT="56">
						<String ID="P1_ST01201" HPOS="2811" VPOS="1852" WIDTH="47" HEIGHT="41" CONTENT="of" WC="0.69" CC="06"/>
						<SP ID="P1_SP00956" HPOS="2858" VPOS="1893" WIDTH="24"/>
						<String ID="P1_ST01202" HPOS="2882" VPOS="1852" WIDTH="76" HEIGHT="43" CONTENT="the" WC="0.97" CC="440"/>
						<SP ID="P1_SP00957" HPOS="2957" VPOS="1894" WIDTH="27"/>
						<String ID="P1_ST01203" HPOS="2984" VPOS="1866" WIDTH="120" HEIGHT="39" CONTENT="year," WC="0.99" CC="00320"/>
						<SP ID="P1_SP00958" HPOS="3104" VPOS="1906" WIDTH="27"/>
						<String ID="P1_ST01204" HPOS="3131" VPOS="1854" WIDTH="238" HEIGHT="54" CONTENT="following" WC="0.98" CC="606508069"/>
						<SP ID="P1_SP00959" HPOS="3369" VPOS="1907" WIDTH="25"/>
						<String ID="P1_ST01205" HPOS="3394" VPOS="1855" WIDTH="72" HEIGHT="41" CONTENT="the" WC="0.98" CC="060"/>
						<SP ID="P1_SP00960" HPOS="3466" VPOS="1907" WIDTH="28"/>
						<String ID="P1_ST01206" HPOS="3494" VPOS="1871" WIDTH="82" HEIGHT="27" CONTENT="one" WC="0.97" CC="080"/>
						<SP ID="P1_SP00961" HPOS="3576" VPOS="1907" WIDTH="28"/>
						<String ID="P1_ST01207" HPOS="3605" VPOS="1858" WIDTH="47" HEIGHT="38" CONTENT="be" SUBS_TYPE="HypPart1" SUBS_CONTENT="before" WC="0.95" CC="77"/>
						<HYP HPOS="3652" VPOS="1858" WIDTH="24" CONTENT="-"/>
					</TextLine>
					<TextLine ID="P1_TL00243" HPOS="2811" VPOS="1909" WIDTH="865" HEIGHT="55">
						<String ID="P1_ST01208" HPOS="2811" VPOS="1909" WIDTH="94" HEIGHT="41" CONTENT="fore" SUBS_TYPE="HypPart2" SUBS_CONTENT="before" WC="0.98" CC="4040"/>
						<SP ID="P1_SP00962" HPOS="2906" VPOS="1950" WIDTH="36"/>
						<String ID="P1_ST01209" HPOS="2942" VPOS="1912" WIDTH="72" HEIGHT="46" CONTENT="the" WC="1.00" CC="000"/>
						<SP ID="P1_SP00963" HPOS="3014" VPOS="1957" WIDTH="38"/>
						<String ID="P1_ST01210" HPOS="3052" VPOS="1912" WIDTH="195" HEIGHT="52" CONTENT="patients" WC="0.98" CC="00465709"/>
						<SP ID="P1_SP00964" HPOS="3247" VPOS="1964" WIDTH="36"/>
						<String ID="P1_ST01211" HPOS="3283" VPOS="1913" WIDTH="46" HEIGHT="41" CONTENT="of" WC="0.44" CC="46"/>
						<SP ID="P1_SP00965" HPOS="3329" VPOS="1964" WIDTH="38"/>
						<String ID="P1_ST01212" HPOS="3367" VPOS="1913" WIDTH="157" HEIGHT="43" CONTENT="Butler" WC="0.97" CC="682560"/>
						<SP ID="P1_SP00966" HPOS="3524" VPOS="1964" WIDTH="35"/>
						<String ID="P1_ST01213" HPOS="3559" VPOS="1915" WIDTH="88" HEIGHT="41" CONTENT="Hos" SUBS_TYPE="HypPart1" SUBS_CONTENT="Hospital" WC="0.95" CC="879"/>
						<HYP HPOS="3647" VPOS="1915" WIDTH="28" CONTENT="-"/>
					</TextLine>
					<TextLine ID="P1_TL00244" HPOS="2811" VPOS="1965" WIDTH="865" HEIGHT="57">
						<String ID="P1_ST01214" HPOS="2811" VPOS="1965" WIDTH="107" HEIGHT="52" CONTENT="pital" SUBS_TYPE="HypPart2" SUBS_CONTENT="Hospital" WC="0.98" CC="14006"/>
						<SP ID="P1_SP00967" HPOS="2918" VPOS="2017" WIDTH="63"/>
						<String ID="P1_ST01215" HPOS="2981" VPOS="1965" WIDTH="145" HEIGHT="44" CONTENT="which" WC="0.97" CC="35406"/>
						<SP ID="P1_SP00968" HPOS="3126" VPOS="2017" WIDTH="36"/>
						<String ID="P1_ST01216" HPOS="3162" VPOS="1983" WIDTH="91" HEIGHT="30" CONTENT="was" WC="0.94" CC="690"/>
						<SP ID="P1_SP00969" HPOS="3254" VPOS="2017" WIDTH="60"/>
						<String ID="P1_ST01217" HPOS="3313" VPOS="1983" WIDTH="106" HEIGHT="39" CONTENT="very" WC="0.95" CC="6086"/>
						<SP ID="P1_SP00970" HPOS="3419" VPOS="2022" WIDTH="36"/>
						<String ID="P1_ST01218" HPOS="3455" VPOS="1973" WIDTH="96" HEIGHT="38" CONTENT="well" WC="0.99" CC="0014"/>
						<SP ID="P1_SP00971" HPOS="3551" VPOS="2022" WIDTH="63"/>
						<String ID="P1_ST01219" HPOS="3614" VPOS="1987" WIDTH="41" HEIGHT="24" CONTENT="re" SUBS_TYPE="HypPart1" SUBS_CONTENT="received" WC="0.95" CC="09"/>
						<HYP HPOS="3655" VPOS="1987" WIDTH="20" CONTENT="-"/>
					</TextLine>
					<TextLine ID="P1_TL00245" HPOS="2811" VPOS="2025" WIDTH="865" HEIGHT="46">
						<String ID="P1_ST01220" HPOS="2811" VPOS="2025" WIDTH="151" HEIGHT="39" CONTENT="ceived" SUBS_TYPE="HypPart2" SUBS_CONTENT="received" WC="0.98" CC="672440"/>
						<SP ID="P1_SP00972" HPOS="2962" VPOS="2065" WIDTH="33"/>
						<String ID="P1_ST01221" HPOS="2995" VPOS="2027" WIDTH="85" HEIGHT="41" CONTENT="last" WC="0.98" CC="0700"/>
						<SP ID="P1_SP00973" HPOS="3080" VPOS="2068" WIDTH="35"/>
						<String ID="P1_ST01222" HPOS="3115" VPOS="2027" WIDTH="132" HEIGHT="41" CONTENT="week." WC="0.98" CC="90500"/>
						<SP ID="P1_SP00974" HPOS="3247" VPOS="2068" WIDTH="61"/>
						<String ID="P1_ST01223" HPOS="3309" VPOS="2028" WIDTH="129" HEIGHT="41" CONTENT="After" WC="0.99" CC="02240"/>
						<SP ID="P1_SP00975" HPOS="3438" VPOS="2069" WIDTH="31"/>
						<String ID="P1_ST01224" HPOS="3469" VPOS="2030" WIDTH="72" HEIGHT="41" CONTENT="the" WC="0.99" CC="100"/>
						<SP ID="P1_SP00976" HPOS="3542" VPOS="2071" WIDTH="31"/>
						<String ID="P1_ST01225" HPOS="3573" VPOS="2044" WIDTH="77" HEIGHT="27" CONTENT="con" SUBS_TYPE="HypPart1" SUBS_CONTENT="concert" WC="0.96" CC="288"/>
						<HYP HPOS="3650" VPOS="2044" WIDTH="25" CONTENT="-"/>
					</TextLine>
					<TextLine ID="P1_TL00246" HPOS="2811" VPOS="2085" WIDTH="862" HEIGHT="55">
						<String ID="P1_ST01226" HPOS="2811" VPOS="2088" WIDTH="91" HEIGHT="35" CONTENT="cert" SUBS_TYPE="HypPart2" SUBS_CONTENT="concert" WC="0.97" CC="6005"/>
						<SP ID="P1_SP00977" HPOS="2902" VPOS="2123" WIDTH="33"/>
						<String ID="P1_ST01227" HPOS="2935" VPOS="2099" WIDTH="24" HEIGHT="25" CONTENT="a" WC="0.49" CC="5"/>
						<SP ID="P1_SP00978" HPOS="2959" VPOS="2124" WIDTH="33"/>
						<String ID="P1_ST01228" HPOS="2992" VPOS="2085" WIDTH="139" HEIGHT="38" CONTENT="dance" WC="0.98" CC="00770"/>
						<SP ID="P1_SP00979" HPOS="3131" VPOS="2124" WIDTH="31"/>
						<String ID="P1_ST01229" HPOS="3162" VPOS="2085" WIDTH="91" HEIGHT="39" CONTENT="will" WC="0.98" CC="5100"/>
						<SP ID="P1_SP00980" HPOS="3254" VPOS="2124" WIDTH="33"/>
						<String ID="P1_ST01230" HPOS="3287" VPOS="2087" WIDTH="52" HEIGHT="39" CONTENT="be" WC="0.81" CC="30"/>
						<SP ID="P1_SP00981" HPOS="3339" VPOS="2126" WIDTH="33"/>
						<String ID="P1_ST01231" HPOS="3372" VPOS="2088" WIDTH="214" HEIGHT="41" CONTENT="tendered" WC="0.98" CC="48763031"/>
						<SP ID="P1_SP00982" HPOS="3586" VPOS="2129" WIDTH="33"/>
						<String ID="P1_ST01232" HPOS="3619" VPOS="2090" WIDTH="54" HEIGHT="50" CONTENT="by" WC="0.63" CC="70"/>
					</TextLine>
					<TextLine ID="P1_TL00247" HPOS="2811" VPOS="2140" WIDTH="863" HEIGHT="51">
						<String ID="P1_ST01233" HPOS="2811" VPOS="2140" WIDTH="72" HEIGHT="39" CONTENT="the" WC="0.97" CC="061"/>
						<SP ID="P1_SP00983" HPOS="2883" VPOS="2180" WIDTH="65"/>
						<String ID="P1_ST01234" HPOS="2948" VPOS="2140" WIDTH="109" HEIGHT="50" CONTENT="girls" WC="0.97" CC="90405"/>
						<SP ID="P1_SP00984" HPOS="3057" VPOS="2191" WIDTH="35"/>
						<String ID="P1_ST01235" HPOS="3091" VPOS="2148" WIDTH="46" HEIGHT="35" CONTENT="at" WC="0.45" CC="55"/>
						<SP ID="P1_SP00985" HPOS="3137" VPOS="2191" WIDTH="66"/>
						<String ID="P1_ST01236" HPOS="3203" VPOS="2142" WIDTH="225" HEIGHT="41" CONTENT="Wheaton" WC="0.99" CC="1100008"/>
						<SP ID="P1_SP00986" HPOS="3428" VPOS="2191" WIDTH="43"/>
						<String ID="P1_ST01237" HPOS="3471" VPOS="2143" WIDTH="66" HEIGHT="43" CONTENT="for" WC="0.96" CC="560"/>
						<SP ID="P1_SP00987" HPOS="3537" VPOS="2191" WIDTH="65"/>
						<String ID="P1_ST01238" HPOS="3602" VPOS="2145" WIDTH="72" HEIGHT="41" CONTENT="the" WC="0.94" CC="267"/>
					</TextLine>
					<TextLine ID="P1_TL00248" HPOS="2811" VPOS="2198" WIDTH="542" HEIGHT="42">
						<String ID="P1_ST01239" HPOS="2811" VPOS="2198" WIDTH="222" HEIGHT="41" CONTENT="members" WC="1.00" CC="0005000"/>
						<SP ID="P1_SP00988" HPOS="3033" VPOS="2239" WIDTH="30"/>
						<String ID="P1_ST01240" HPOS="3063" VPOS="2200" WIDTH="46" HEIGHT="39" CONTENT="of" WC="0.58" CC="16"/>
						<SP ID="P1_SP00989" HPOS="3109" VPOS="2239" WIDTH="27"/>
						<String ID="P1_ST01241" HPOS="3135" VPOS="2200" WIDTH="74" HEIGHT="39" CONTENT="the" WC="0.95" CC="077"/>
						<SP ID="P1_SP00990" HPOS="3209" VPOS="2239" WIDTH="28"/>
						<String ID="P1_ST01242" HPOS="3238" VPOS="2202" WIDTH="115" HEIGHT="38" CONTENT="club." WC="0.97" CC="61650"/>
					</TextLine>
				</TextBlock>
				<TextBlock ID="P1_TB00036" HPOS="2803" VPOS="2254" WIDTH="873" HEIGHT="1707" language="en" STYLEREFS="TXT_1 PAR_BLOCK">
					<TextLine ID="P1_TL00249" HPOS="2879" VPOS="2254" WIDTH="794" HEIGHT="55">
						<String ID="P1_ST01243" HPOS="2879" VPOS="2254" WIDTH="6" HEIGHT="55" CONTENT="!" WC="0.20" CC="7"/>
						<SP ID="P1_SP00991" HPOS="2885" VPOS="2309" WIDTH="22"/>
						<String ID="P1_ST01244" HPOS="2907" VPOS="2254" WIDTH="52" HEIGHT="43" CONTENT="he" WC="0.25" CC="77"/>
						<SP ID="P1_SP00992" HPOS="2959" VPOS="2309" WIDTH="27"/>
						<String ID="P1_ST01245" HPOS="2986" VPOS="2257" WIDTH="298" HEIGHT="52" CONTENT="outstanding" WC="0.98" CC="78206756089"/>
						<SP ID="P1_SP00993" HPOS="3283" VPOS="2309" WIDTH="24"/>
						<String ID="P1_ST01246" HPOS="3307" VPOS="2257" WIDTH="198" HEIGHT="44" CONTENT="features" WC="0.99" CC="50628000"/>
						<SP ID="P1_SP00994" HPOS="3506" VPOS="2309" WIDTH="24"/>
						<String ID="P1_ST01247" HPOS="3529" VPOS="2261" WIDTH="47" HEIGHT="39" CONTENT="of" WC="0.87" CC="02"/>
						<SP ID="P1_SP00995" HPOS="3576" VPOS="2309" WIDTH="24"/>
						<String ID="P1_ST01248" HPOS="3600" VPOS="2261" WIDTH="72" HEIGHT="39" CONTENT="the" WC="0.94" CC="177"/>
					</TextLine>
					<TextLine ID="P1_TL00250" HPOS="2808" VPOS="2313" WIDTH="868" HEIGHT="55">
						<String ID="P1_ST01249" HPOS="2808" VPOS="2324" WIDTH="213" HEIGHT="36" CONTENT="program" WC="0.98" CC="6409420"/>
						<SP ID="P1_SP00996" HPOS="3020" VPOS="2361" WIDTH="60"/>
						<String ID="P1_ST01250" HPOS="3080" VPOS="2313" WIDTH="91" HEIGHT="43" CONTENT="will" WC="0.97" CC="2406"/>
						<SP ID="P1_SP00997" HPOS="3172" VPOS="2361" WIDTH="61"/>
						<String ID="P1_ST01251" HPOS="3233" VPOS="2317" WIDTH="50" HEIGHT="43" CONTENT="be" WC="0.70" CC="50"/>
						<SP ID="P1_SP00998" HPOS="3283" VPOS="2361" WIDTH="61"/>
						<String ID="P1_ST01252" HPOS="3345" VPOS="2317" WIDTH="76" HEIGHT="41" CONTENT="the" WC="0.99" CC="003"/>
						<SP ID="P1_SP00999" HPOS="3420" VPOS="2361" WIDTH="58"/>
						<String ID="P1_ST01253" HPOS="3479" VPOS="2318" WIDTH="197" HEIGHT="50" CONTENT="opening" WC="0.99" CC="0001670"/>
					</TextLine>
					<TextLine ID="P1_TL00251" HPOS="2809" VPOS="2372" WIDTH="863" HEIGHT="55">
						<String ID="P1_ST01254" HPOS="2809" VPOS="2372" WIDTH="176" HEIGHT="47" CONTENT="medley" WC="0.99" CC="300022"/>
						<SP ID="P1_SP01000" HPOS="2986" VPOS="2419" WIDTH="41"/>
						<String ID="P1_ST01255" HPOS="3027" VPOS="2373" WIDTH="46" HEIGHT="39" CONTENT="of" WC="0.77" CC="04"/>
						<SP ID="P1_SP01001" HPOS="3072" VPOS="2419" WIDTH="43"/>
						<String ID="P1_ST01256" HPOS="3115" VPOS="2373" WIDTH="164" HEIGHT="39" CONTENT="Brown" WC="0.98" CC="03067"/>
						<SP ID="P1_SP01002" HPOS="3279" VPOS="2419" WIDTH="43"/>
						<String ID="P1_ST01257" HPOS="3321" VPOS="2387" WIDTH="139" HEIGHT="38" CONTENT="songs" WC="1.00" CC="00200"/>
						<SP ID="P1_SP01003" HPOS="3460" VPOS="2425" WIDTH="39"/>
						<String ID="P1_ST01258" HPOS="3499" VPOS="2376" WIDTH="60" HEIGHT="50" CONTENT="by" WC="0.40" CC="64"/>
						<SP ID="P1_SP01004" HPOS="3559" VPOS="2427" WIDTH="41"/>
						<String ID="P1_ST01259" HPOS="3600" VPOS="2376" WIDTH="72" HEIGHT="39" CONTENT="the" WC="0.96" CC="045"/>
					</TextLine>
					<TextLine ID="P1_TL00252" HPOS="2808" VPOS="2427" WIDTH="866" HEIGHT="57">
						<String ID="P1_ST01260" HPOS="2808" VPOS="2427" WIDTH="238" HEIGHT="43" CONTENT="combined" WC="0.99" CC="00075700"/>
						<SP ID="P1_SP01005" HPOS="3046" VPOS="2469" WIDTH="35"/>
						<String ID="P1_ST01261" HPOS="3080" VPOS="2430" WIDTH="140" HEIGHT="44" CONTENT="clubs," WC="1.00" CC="140000"/>
						<SP ID="P1_SP01006" HPOS="3220" VPOS="2474" WIDTH="35"/>
						<String ID="P1_ST01262" HPOS="3255" VPOS="2430" WIDTH="76" HEIGHT="41" CONTENT="the" WC="0.97" CC="070"/>
						<SP ID="P1_SP01007" HPOS="3331" VPOS="2474" WIDTH="35"/>
						<String ID="P1_ST01263" HPOS="3365" VPOS="2430" WIDTH="146" HEIGHT="54" CONTENT="string" WC="0.99" CC="000077"/>
						<SP ID="P1_SP01008" HPOS="3512" VPOS="2483" WIDTH="33"/>
						<String ID="P1_ST01264" HPOS="3545" VPOS="2446" WIDTH="104" HEIGHT="38" CONTENT="quar" SUBS_TYPE="HypPart1" SUBS_CONTENT="quartet," WC="0.98" CC="0070"/>
						<HYP HPOS="3649" VPOS="2446" WIDTH="25" CONTENT="-"/>
					</TextLine>
					<TextLine ID="P1_TL00253" HPOS="2808" VPOS="2485" WIDTH="866" HEIGHT="54">
						<String ID="P1_ST01265" HPOS="2808" VPOS="2491" WIDTH="77" HEIGHT="41" CONTENT="tet," SUBS_TYPE="HypPart2" SUBS_CONTENT="quartet," WC="0.99" CC="0030"/>
						<SP ID="P1_SP01009" HPOS="2885" VPOS="2532" WIDTH="30"/>
						<String ID="P1_ST01266" HPOS="2915" VPOS="2485" WIDTH="76" HEIGHT="41" CONTENT="the" WC="0.98" CC="040"/>
						<SP ID="P1_SP01010" HPOS="2991" VPOS="2532" WIDTH="30"/>
						<String ID="P1_ST01267" HPOS="3020" VPOS="2487" WIDTH="128" HEIGHT="41" CONTENT="vocal" WC="0.98" CC="00370"/>
						<SP ID="P1_SP01011" HPOS="3148" VPOS="2532" WIDTH="28"/>
						<String ID="P1_ST01268" HPOS="3176" VPOS="2494" WIDTH="192" HEIGHT="44" CONTENT="quartet," WC="0.99" CC="07402000"/>
						<SP ID="P1_SP01012" HPOS="3369" VPOS="2539" WIDTH="33"/>
						<String ID="P1_ST01269" HPOS="3402" VPOS="2490" WIDTH="87" HEIGHT="39" CONTENT="and" WC="0.96" CC="360"/>
						<SP ID="P1_SP01013" HPOS="3488" VPOS="2539" WIDTH="30"/>
						<String ID="P1_ST01270" HPOS="3518" VPOS="2490" WIDTH="134" HEIGHT="41" CONTENT="select" SUBS_TYPE="HypPart1" SUBS_CONTENT="selected" WC="0.99" CC="008003"/>
						<HYP HPOS="3652" VPOS="2490" WIDTH="22" CONTENT="-"/>
					</TextLine>
					<TextLine ID="P1_TL00254" HPOS="2809" VPOS="2543" WIDTH="864" HEIGHT="51">
						<String ID="P1_ST01271" HPOS="2809" VPOS="2545" WIDTH="52" HEIGHT="39" CONTENT="ed" SUBS_TYPE="HypPart2" SUBS_CONTENT="selected" WC="0.68" CC="06"/>
						<SP ID="P1_SP01014" HPOS="2861" VPOS="2584" WIDTH="30"/>
						<String ID="P1_ST01272" HPOS="2891" VPOS="2543" WIDTH="213" HEIGHT="50" CONTENT="readings" WC="0.99" CC="00004090"/>
						<SP ID="P1_SP01015" HPOS="3104" VPOS="2594" WIDTH="30"/>
						<String ID="P1_ST01273" HPOS="3134" VPOS="2545" WIDTH="60" HEIGHT="47" CONTENT="by" WC="0.40" CC="56"/>
						<SP ID="P1_SP01016" HPOS="3194" VPOS="2594" WIDTH="30"/>
						<String ID="P1_ST01274" HPOS="3224" VPOS="2543" WIDTH="41" HEIGHT="41" CONTENT="S." WC="1.00" CC="00"/>
						<SP ID="P1_SP01017" HPOS="3265" VPOS="2594" WIDTH="33"/>
						<String ID="P1_ST01275" HPOS="3298" VPOS="2545" WIDTH="55" HEIGHT="39" CONTENT="H." WC="0.69" CC="60"/>
						<SP ID="P1_SP01018" HPOS="3353" VPOS="2594" WIDTH="33"/>
						<String ID="P1_ST01276" HPOS="3386" VPOS="2546" WIDTH="183" HEIGHT="41" CONTENT="Tucker" WC="0.99" CC="070000"/>
						<SP ID="P1_SP01019" HPOS="3569" VPOS="2594" WIDTH="28"/>
						<String ID="P1_ST01277" HPOS="3597" VPOS="2548" WIDTH="76" HEIGHT="39" CONTENT="’22." WC="0.55" CC="8090"/>
					</TextLine>
					<TextLine ID="P1_TL00255" HPOS="2808" VPOS="2600" WIDTH="866" HEIGHT="54">
						<String ID="P1_ST01278" HPOS="2808" VPOS="2600" WIDTH="96" HEIGHT="41" CONTENT="The" WC="1.00" CC="000"/>
						<SP ID="P1_SP01020" HPOS="2904" VPOS="2641" WIDTH="38"/>
						<String ID="P1_ST01279" HPOS="2942" VPOS="2600" WIDTH="148" HEIGHT="54" CONTENT="string" WC="0.98" CC="002549"/>
						<SP ID="P1_SP01021" HPOS="3090" VPOS="2654" WIDTH="35"/>
						<String ID="P1_ST01280" HPOS="3124" VPOS="2609" WIDTH="180" HEIGHT="44" CONTENT="quartet" WC="0.99" CC="3760003"/>
						<SP ID="P1_SP01022" HPOS="3304" VPOS="2654" WIDTH="35"/>
						<String ID="P1_ST01281" HPOS="3339" VPOS="2602" WIDTH="91" HEIGHT="41" CONTENT="will" WC="0.96" CC="9250"/>
						<SP ID="P1_SP01023" HPOS="3430" VPOS="2654" WIDTH="36"/>
						<String ID="P1_ST01282" HPOS="3466" VPOS="2605" WIDTH="54" HEIGHT="39" CONTENT="be" WC="1.00" CC="00"/>
						<SP ID="P1_SP01024" HPOS="3520" VPOS="2654" WIDTH="35"/>
						<String ID="P1_ST01283" HPOS="3554" VPOS="2619" WIDTH="90" HEIGHT="25" CONTENT="com" SUBS_TYPE="HypPart1" SUBS_CONTENT="composed" WC="1.00" CC="000"/>
						<HYP HPOS="3644" VPOS="2619" WIDTH="30" CONTENT="-"/>
					</TextLine>
					<TextLine ID="P1_TL00256" HPOS="2808" VPOS="2657" WIDTH="865" HEIGHT="54">
						<String ID="P1_ST01284" HPOS="2808" VPOS="2660" WIDTH="139" HEIGHT="49" CONTENT="posed" SUBS_TYPE="HypPart2" SUBS_CONTENT="composed" WC="0.99" CC="70000"/>
						<SP ID="P1_SP01025" HPOS="2946" VPOS="2709" WIDTH="36"/>
						<String ID="P1_ST01285" HPOS="2983" VPOS="2657" WIDTH="46" HEIGHT="41" CONTENT="of" WC="0.72" CC="05"/>
						<SP ID="P1_SP01026" HPOS="3028" VPOS="2709" WIDTH="36"/>
						<String ID="P1_ST01286" HPOS="3065" VPOS="2657" WIDTH="54" HEIGHT="41" CONTENT="D." WC="0.96" CC="00"/>
						<SP ID="P1_SP01027" HPOS="3118" VPOS="2709" WIDTH="36"/>
						<String ID="P1_ST01287" HPOS="3154" VPOS="2658" WIDTH="52" HEIGHT="41" CONTENT="R." WC="1.00" CC="00"/>
						<SP ID="P1_SP01028" HPOS="3206" VPOS="2709" WIDTH="39"/>
						<String ID="P1_ST01288" HPOS="3246" VPOS="2658" WIDTH="224" HEIGHT="43" CONTENT="Pinkham" WC="0.63" CC="1780420"/>
						<SP ID="P1_SP01029" HPOS="3469" VPOS="2709" WIDTH="38"/>
						<String ID="P1_ST01289" HPOS="3507" VPOS="2660" WIDTH="77" HEIGHT="50" CONTENT="’2l," WC="0.76" CC="0504"/>
						<SP ID="P1_SP01030" HPOS="3584" VPOS="2710" WIDTH="39"/>
						<String ID="P1_ST01290" HPOS="3624" VPOS="2661" WIDTH="49" HEIGHT="38" CONTENT="R." WC="0.69" CC="60"/>
					</TextLine>
					<TextLine ID="P1_TL00257" HPOS="2809" VPOS="2713" WIDTH="863" HEIGHT="56">
						<String ID="P1_ST01291" HPOS="2809" VPOS="2713" WIDTH="46" HEIGHT="43" CONTENT="P." WC="0.69" CC="60"/>
						<SP ID="P1_SP01031" HPOS="2855" VPOS="2756" WIDTH="35"/>
						<String ID="P1_ST01292" HPOS="2890" VPOS="2713" WIDTH="139" HEIGHT="52" CONTENT="Jenks" WC="0.76" CC="40700"/>
						<SP ID="P1_SP01032" HPOS="3028" VPOS="2765" WIDTH="36"/>
						<String ID="P1_ST01293" HPOS="3065" VPOS="2715" WIDTH="79" HEIGHT="50" CONTENT="’2l," WC="1.00" CC="0000"/>
						<SP ID="P1_SP01033" HPOS="3143" VPOS="2765" WIDTH="35"/>
						<String ID="P1_ST01294" HPOS="3178" VPOS="2717" WIDTH="54" HEIGHT="41" CONTENT="A." WC="1.00" CC="00"/>
						<SP ID="P1_SP01034" HPOS="3231" VPOS="2765" WIDTH="38"/>
						<String ID="P1_ST01295" HPOS="3269" VPOS="2717" WIDTH="47" HEIGHT="41" CONTENT="E." WC="1.00" CC="00"/>
						<SP ID="P1_SP01035" HPOS="3317" VPOS="2765" WIDTH="39"/>
						<String ID="P1_ST01296" HPOS="3356" VPOS="2717" WIDTH="203" HEIGHT="52" CONTENT="Gwynne" WC="0.72" CC="003057"/>
						<SP ID="P1_SP01036" HPOS="3559" VPOS="2769" WIDTH="36"/>
						<String ID="P1_ST01297" HPOS="3595" VPOS="2720" WIDTH="77" HEIGHT="43" CONTENT="’2l," WC="0.61" CC="0770"/>
					</TextLine>
					<TextLine ID="P1_TL00258" HPOS="2806" VPOS="2772" WIDTH="865" HEIGHT="47">
						<String ID="P1_ST01298" HPOS="2806" VPOS="2773" WIDTH="87" HEIGHT="39" CONTENT="and" WC="0.96" CC="063"/>
						<SP ID="P1_SP01037" HPOS="2893" VPOS="2813" WIDTH="35"/>
						<String ID="P1_ST01299" HPOS="2928" VPOS="2772" WIDTH="46" HEIGHT="41" CONTENT="C." WC="1.00" CC="00"/>
						<SP ID="P1_SP01038" HPOS="2973" VPOS="2813" WIDTH="35"/>
						<String ID="P1_ST01300" HPOS="3008" VPOS="2773" WIDTH="58" HEIGHT="39" CONTENT="H." WC="0.59" CC="61"/>
						<SP ID="P1_SP01039" HPOS="3066" VPOS="2813" WIDTH="33"/>
						<String ID="P1_ST01301" HPOS="3099" VPOS="2773" WIDTH="143" HEIGHT="43" CONTENT="Cahill" WC="0.98" CC="106503"/>
						<SP ID="P1_SP01040" HPOS="3243" VPOS="2816" WIDTH="36"/>
						<String ID="P1_ST01302" HPOS="3279" VPOS="2775" WIDTH="77" HEIGHT="39" CONTENT="’22." WC="1.00" CC="0000"/>
						<SP ID="P1_SP01041" HPOS="3356" VPOS="2816" WIDTH="61"/>
						<String ID="P1_ST01303" HPOS="3417" VPOS="2775" WIDTH="98" HEIGHT="44" CONTENT="The" WC="0.98" CC="050"/>
						<SP ID="P1_SP01042" HPOS="3515" VPOS="2819" WIDTH="30"/>
						<String ID="P1_ST01304" HPOS="3545" VPOS="2776" WIDTH="126" HEIGHT="41" CONTENT="vocal" WC="0.97" CC="30575"/>
					</TextLine>
					<TextLine ID="P1_TL00259" HPOS="2808" VPOS="2828" WIDTH="865" HEIGHT="54">
						<String ID="P1_ST01305" HPOS="2808" VPOS="2828" WIDTH="203" HEIGHT="54" CONTENT="’Varsity" WC="0.99" CC="03500104"/>
						<SP ID="P1_SP01043" HPOS="3011" VPOS="2882" WIDTH="27"/>
						<String ID="P1_ST01306" HPOS="3038" VPOS="2838" WIDTH="180" HEIGHT="44" CONTENT="quartet" WC="0.99" CC="0680000"/>
						<SP ID="P1_SP01044" HPOS="3217" VPOS="2882" WIDTH="28"/>
						<String ID="P1_ST01307" HPOS="3246" VPOS="2833" WIDTH="91" HEIGHT="38" CONTENT="will" WC="0.95" CC="6545"/>
						<SP ID="P1_SP01045" HPOS="3337" VPOS="2882" WIDTH="30"/>
						<String ID="P1_ST01308" HPOS="3367" VPOS="2833" WIDTH="52" HEIGHT="39" CONTENT="be" WC="0.32" CC="76"/>
						<SP ID="P1_SP01046" HPOS="3419" VPOS="2882" WIDTH="30"/>
						<String ID="P1_ST01309" HPOS="3449" VPOS="2833" WIDTH="74" HEIGHT="41" CONTENT="the" WC="1.00" CC="000"/>
						<SP ID="P1_SP01047" HPOS="3523" VPOS="2882" WIDTH="28"/>
						<String ID="P1_ST01310" HPOS="3551" VPOS="2847" WIDTH="121" HEIGHT="28" CONTENT="same" WC="0.97" CC="0707"/>
					</TextLine>
					<TextLine ID="P1_TL00260" HPOS="2806" VPOS="2888" WIDTH="866" HEIGHT="52">
						<String ID="P1_ST01311" HPOS="2806" VPOS="2901" WIDTH="83" HEIGHT="30" CONTENT="one" WC="0.97" CC="060"/>
						<SP ID="P1_SP01048" HPOS="2890" VPOS="2931" WIDTH="61"/>
						<String ID="P1_ST01312" HPOS="2951" VPOS="2888" WIDTH="96" HEIGHT="43" CONTENT="that" WC="0.99" CC="0040"/>
						<SP ID="P1_SP01049" HPOS="3047" VPOS="2931" WIDTH="31"/>
						<String ID="P1_ST01313" HPOS="3079" VPOS="2902" WIDTH="94" HEIGHT="27" CONTENT="was" WC="0.95" CC="840"/>
						<SP ID="P1_SP01050" HPOS="3173" VPOS="2931" WIDTH="58"/>
						<String ID="P1_ST01314" HPOS="3231" VPOS="2904" WIDTH="49" HEIGHT="27" CONTENT="so" WC="0.83" CC="30"/>
						<SP ID="P1_SP01051" HPOS="3280" VPOS="2931" WIDTH="31"/>
						<String ID="P1_ST01315" HPOS="3312" VPOS="2890" WIDTH="239" HEIGHT="50" CONTENT="popularly" WC="0.99" CC="003860160"/>
						<SP ID="P1_SP01052" HPOS="3551" VPOS="2940" WIDTH="58"/>
						<String ID="P1_ST01316" HPOS="3609" VPOS="2906" WIDTH="43" HEIGHT="24" CONTENT="re" SUBS_TYPE="HypPart1" SUBS_CONTENT="received" WC="0.95" CC="28"/>
						<HYP HPOS="3652" VPOS="2906" WIDTH="20" CONTENT="-"/>
					</TextLine>
					<TextLine ID="P1_TL00261" HPOS="2808" VPOS="2945" WIDTH="865" HEIGHT="46">
						<String ID="P1_ST01317" HPOS="2808" VPOS="2945" WIDTH="151" HEIGHT="41" CONTENT="ceived" SUBS_TYPE="HypPart2" SUBS_CONTENT="received" WC="0.99" CC="000346"/>
						<SP ID="P1_SP01053" HPOS="2959" VPOS="2986" WIDTH="27"/>
						<String ID="P1_ST01318" HPOS="2986" VPOS="2953" WIDTH="43" HEIGHT="35" CONTENT="at" WC="0.69" CC="60"/>
						<SP ID="P1_SP01054" HPOS="3028" VPOS="2987" WIDTH="25"/>
						<String ID="P1_ST01319" HPOS="3054" VPOS="2946" WIDTH="72" HEIGHT="39" CONTENT="the" WC="0.99" CC="020"/>
						<SP ID="P1_SP01055" HPOS="3126" VPOS="2987" WIDTH="24"/>
						<String ID="P1_ST01320" HPOS="3150" VPOS="2945" WIDTH="159" HEIGHT="43" CONTENT="Senior" WC="0.99" CC="008000"/>
						<SP ID="P1_SP01056" HPOS="3309" VPOS="2987" WIDTH="22"/>
						<String ID="P1_ST01321" HPOS="3331" VPOS="2948" WIDTH="180" HEIGHT="43" CONTENT="smoker" WC="1.00" CC="000000"/>
						<SP ID="P1_SP01057" HPOS="3510" VPOS="2991" WIDTH="24"/>
						<String ID="P1_ST01322" HPOS="3534" VPOS="2948" WIDTH="43" HEIGHT="39" CONTENT="in" WC="0.50" CC="36"/>
						<SP ID="P1_SP01058" HPOS="3576" VPOS="2991" WIDTH="22"/>
						<String ID="P1_ST01323" HPOS="3598" VPOS="2948" WIDTH="74" HEIGHT="41" CONTENT="the" WC="1.00" CC="000"/>
					</TextLine>
					<TextLine ID="P1_TL00262" HPOS="2806" VPOS="3002" WIDTH="866" HEIGHT="54">
						<String ID="P1_ST01324" HPOS="2806" VPOS="3002" WIDTH="154" HEIGHT="43" CONTENT="Union" WC="0.98" CC="00709"/>
						<SP ID="P1_SP01059" HPOS="2961" VPOS="3044" WIDTH="68"/>
						<String ID="P1_ST01325" HPOS="3028" VPOS="3002" WIDTH="243" HEIGHT="54" CONTENT="Thursday" WC="0.99" CC="04600000"/>
						<SP ID="P1_SP01060" HPOS="3271" VPOS="3055" WIDTH="69"/>
						<String ID="P1_ST01326" HPOS="3340" VPOS="3003" WIDTH="140" HEIGHT="52" CONTENT="night." WC="0.98" CC="706330"/>
						<SP ID="P1_SP01061" HPOS="3480" VPOS="3055" WIDTH="96"/>
						<String ID="P1_ST01327" HPOS="3576" VPOS="3003" WIDTH="96" HEIGHT="41" CONTENT="The" WC="0.97" CC="006"/>
					</TextLine>
					<TextLine ID="P1_TL00263" HPOS="2806" VPOS="3060" WIDTH="867" HEIGHT="54">
						<String ID="P1_ST01328" HPOS="2806" VPOS="3060" WIDTH="225" HEIGHT="41" CONTENT="members" WC="0.99" CC="5700050"/>
						<SP ID="P1_SP01062" HPOS="3031" VPOS="3101" WIDTH="36"/>
						<String ID="P1_ST01329" HPOS="3068" VPOS="3061" WIDTH="47" HEIGHT="39" CONTENT="of" WC="0.43" CC="55"/>
						<SP ID="P1_SP01063" HPOS="3115" VPOS="3101" WIDTH="35"/>
						<String ID="P1_ST01330" HPOS="3150" VPOS="3061" WIDTH="88" HEIGHT="39" CONTENT="this" WC="0.98" CC="3070"/>
						<SP ID="P1_SP01064" HPOS="3238" VPOS="3101" WIDTH="36"/>
						<String ID="P1_ST01331" HPOS="3274" VPOS="3069" WIDTH="181" HEIGHT="44" CONTENT="quartet" WC="0.99" CC="0740000"/>
						<SP ID="P1_SP01065" HPOS="3455" VPOS="3113" WIDTH="35"/>
						<String ID="P1_ST01332" HPOS="3490" VPOS="3076" WIDTH="74" HEIGHT="28" CONTENT="are" WC="0.96" CC="810"/>
						<SP ID="P1_SP01066" HPOS="3564" VPOS="3113" WIDTH="38"/>
						<String ID="P1_ST01333" HPOS="3602" VPOS="3061" WIDTH="71" HEIGHT="43" CONTENT="W." WC="1.00" CC="00"/>
					</TextLine>
					<TextLine ID="P1_TL00264" HPOS="2808" VPOS="3115" WIDTH="865" HEIGHT="54">
						<String ID="P1_ST01334" HPOS="2808" VPOS="3115" WIDTH="49" HEIGHT="43" CONTENT="L." WC="1.00" CC="00"/>
						<SP ID="P1_SP01067" HPOS="2857" VPOS="3157" WIDTH="30"/>
						<String ID="P1_ST01335" HPOS="2887" VPOS="3117" WIDTH="198" HEIGHT="49" CONTENT="Dewart," WC="0.98" CC="0091552"/>
						<SP ID="P1_SP01068" HPOS="3085" VPOS="3165" WIDTH="25"/>
						<String ID="P1_ST01336" HPOS="3110" VPOS="3118" WIDTH="76" HEIGHT="50" CONTENT="Jr.," WC="0.99" CC="0002"/>
						<SP ID="P1_SP01069" HPOS="3186" VPOS="3169" WIDTH="28"/>
						<String ID="P1_ST01337" HPOS="3214" VPOS="3118" WIDTH="77" HEIGHT="49" CONTENT="’2O," WC="0.82" CC="0070"/>
						<SP ID="P1_SP01070" HPOS="3291" VPOS="3169" WIDTH="28"/>
						<String ID="P1_ST01338" HPOS="3320" VPOS="3120" WIDTH="50" HEIGHT="39" CONTENT="R." WC="0.88" CC="20"/>
						<SP ID="P1_SP01071" HPOS="3370" VPOS="3169" WIDTH="28"/>
						<String ID="P1_ST01339" HPOS="3398" VPOS="3120" WIDTH="72" HEIGHT="39" CONTENT="W." WC="1.00" CC="00"/>
						<SP ID="P1_SP01072" HPOS="3471" VPOS="3169" WIDTH="30"/>
						<String ID="P1_ST01340" HPOS="3501" VPOS="3120" WIDTH="172" HEIGHT="41" CONTENT="Greene" WC="0.98" CC="040076"/>
					</TextLine>
					<TextLine ID="P1_TL00265" HPOS="2808" VPOS="3175" WIDTH="863" HEIGHT="54">
						<String ID="P1_ST01341" HPOS="2808" VPOS="3175" WIDTH="77" HEIGHT="49" CONTENT="’2O," WC="0.62" CC="0950"/>
						<SP ID="P1_SP01073" HPOS="2885" VPOS="3224" WIDTH="52"/>
						<String ID="P1_ST01342" HPOS="2937" VPOS="3175" WIDTH="61" HEIGHT="41" CONTENT="M." WC="1.00" CC="00"/>
						<SP ID="P1_SP01074" HPOS="2998" VPOS="3224" WIDTH="39"/>
						<String ID="P1_ST01343" HPOS="3038" VPOS="3175" WIDTH="213" HEIGHT="43" CONTENT="Standish" WC="0.58" CC="02983520"/>
						<SP ID="P1_SP01075" HPOS="3250" VPOS="3224" WIDTH="36"/>
						<String ID="P1_ST01344" HPOS="3287" VPOS="3175" WIDTH="77" HEIGHT="44" CONTENT="’2l," WC="0.94" CC="0020"/>
						<SP ID="P1_SP01076" HPOS="3364" VPOS="3224" WIDTH="52"/>
						<String ID="P1_ST01345" HPOS="3416" VPOS="3180" WIDTH="87" HEIGHT="39" CONTENT="and" WC="0.92" CC="758"/>
						<SP ID="P1_SP01077" HPOS="3502" VPOS="3224" WIDTH="33"/>
						<String ID="P1_ST01346" HPOS="3535" VPOS="3176" WIDTH="38" HEIGHT="52" CONTENT="J." WC="0.96" CC="00"/>
						<SP ID="P1_SP01078" HPOS="3573" VPOS="3228" WIDTH="49"/>
						<String ID="P1_ST01347" HPOS="3622" VPOS="3178" WIDTH="49" HEIGHT="41" CONTENT="E." WC="0.64" CC="70"/>
					</TextLine>
					<TextLine ID="P1_TL00266" HPOS="2808" VPOS="3230" WIDTH="865" HEIGHT="48">
						<String ID="P1_ST01348" HPOS="2808" VPOS="3230" WIDTH="150" HEIGHT="46" CONTENT="Sarles" WC="0.86" CC="002500"/>
						<SP ID="P1_SP01079" HPOS="2957" VPOS="3276" WIDTH="35"/>
						<String ID="P1_ST01349" HPOS="2992" VPOS="3231" WIDTH="79" HEIGHT="41" CONTENT="’22." WC="0.64" CC="0490"/>
						<SP ID="P1_SP01080" HPOS="3071" VPOS="3276" WIDTH="65"/>
						<String ID="P1_ST01350" HPOS="3135" VPOS="3233" WIDTH="63" HEIGHT="41" CONTENT="M." WC="1.00" CC="00"/>
						<SP ID="P1_SP01081" HPOS="3198" VPOS="3276" WIDTH="39"/>
						<String ID="P1_ST01351" HPOS="3238" VPOS="3233" WIDTH="60" HEIGHT="41" CONTENT="M." WC="0.81" CC="12"/>
						<SP ID="P1_SP01082" HPOS="3298" VPOS="3276" WIDTH="41"/>
						<String ID="P1_ST01352" HPOS="3339" VPOS="3235" WIDTH="219" HEIGHT="43" CONTENT="Sherman" WC="0.98" CC="0243097"/>
						<SP ID="P1_SP01083" HPOS="3557" VPOS="3277" WIDTH="36"/>
						<String ID="P1_ST01353" HPOS="3594" VPOS="3236" WIDTH="79" HEIGHT="39" CONTENT="’22." WC="0.76" CC="0900"/>
					</TextLine>
					<TextLine ID="P1_TL00267" HPOS="2805" VPOS="3290" WIDTH="868" HEIGHT="44">
						<String ID="P1_ST01354" HPOS="2805" VPOS="3304" WIDTH="94" HEIGHT="27" CONTENT="was" WC="0.98" CC="050"/>
						<SP ID="P1_SP01084" HPOS="2899" VPOS="3331" WIDTH="33"/>
						<String ID="P1_ST01355" HPOS="2932" VPOS="3290" WIDTH="165" HEIGHT="41" CONTENT="chosen" WC="0.98" CC="051009"/>
						<SP ID="P1_SP01085" HPOS="3098" VPOS="3331" WIDTH="35"/>
						<String ID="P1_ST01356" HPOS="3132" VPOS="3298" WIDTH="44" HEIGHT="35" CONTENT="at" WC="0.78" CC="40"/>
						<SP ID="P1_SP01086" HPOS="3176" VPOS="3332" WIDTH="30"/>
						<String ID="P1_ST01357" HPOS="3206" VPOS="3307" WIDTH="24" HEIGHT="27" CONTENT="a" WC="0.45" CC="5"/>
						<SP ID="P1_SP01087" HPOS="3230" VPOS="3334" WIDTH="33"/>
						<String ID="P1_ST01358" HPOS="3263" VPOS="3291" WIDTH="227" HEIGHT="41" CONTENT="rehearsal" WC="0.99" CC="536050065"/>
						<SP ID="P1_SP01088" HPOS="3490" VPOS="3334" WIDTH="30"/>
						<String ID="P1_ST01359" HPOS="3520" VPOS="3293" WIDTH="49" HEIGHT="38" CONTENT="of" WC="0.69" CC="06"/>
						<SP ID="P1_SP01089" HPOS="3569" VPOS="3334" WIDTH="30"/>
						<String ID="P1_ST01360" HPOS="3598" VPOS="3291" WIDTH="74" HEIGHT="39" CONTENT="the" WC="0.97" CC="043"/>
					</TextLine>
					<TextLine ID="P1_TL00268" HPOS="2803" VPOS="3346" WIDTH="869" HEIGHT="56">
						<String ID="P1_ST01361" HPOS="2803" VPOS="3346" WIDTH="243" HEIGHT="43" CONTENT="Mandolin" WC="0.99" CC="66040440"/>
						<SP ID="P1_SP01090" HPOS="3046" VPOS="3389" WIDTH="41"/>
						<String ID="P1_ST01362" HPOS="3087" VPOS="3348" WIDTH="118" HEIGHT="41" CONTENT="Club" WC="0.94" CC="7576"/>
						<SP ID="P1_SP01091" HPOS="3205" VPOS="3389" WIDTH="46"/>
						<String ID="P1_ST01363" HPOS="3250" VPOS="3346" WIDTH="244" HEIGHT="55" CONTENT="Thursday" WC="0.98" CC="00500998"/>
						<SP ID="P1_SP01092" HPOS="3494" VPOS="3402" WIDTH="44"/>
						<String ID="P1_ST01364" HPOS="3539" VPOS="3348" WIDTH="112" HEIGHT="41" CONTENT="after" SUBS_TYPE="HypPart1" SUBS_CONTENT="afternoon" WC="0.98" CC="06404"/>
						<HYP HPOS="3650" VPOS="3348" WIDTH="22" CONTENT="-"/>
					</TextLine>
					<TextLine ID="P1_TL00269" HPOS="2806" VPOS="3405" WIDTH="866" HEIGHT="54">
						<String ID="P1_ST01365" HPOS="2806" VPOS="3419" WIDTH="118" HEIGHT="27" CONTENT="noon" SUBS_TYPE="HypPart2" SUBS_CONTENT="afternoon" WC="0.98" CC="6004"/>
						<SP ID="P1_SP01093" HPOS="2924" VPOS="3446" WIDTH="28"/>
						<String ID="P1_ST01366" HPOS="2953" VPOS="3414" WIDTH="47" HEIGHT="31" CONTENT="to" WC="1.00" CC="00"/>
						<SP ID="P1_SP01094" HPOS="3000" VPOS="3446" WIDTH="27"/>
						<String ID="P1_ST01367" HPOS="3027" VPOS="3405" WIDTH="101" HEIGHT="50" CONTENT="give" WC="0.96" CC="9702"/>
						<SP ID="P1_SP01095" HPOS="3128" VPOS="3455" WIDTH="30"/>
						<String ID="P1_ST01368" HPOS="3157" VPOS="3419" WIDTH="22" HEIGHT="27" CONTENT="a" WC="0.33" CC="6"/>
						<SP ID="P1_SP01096" HPOS="3180" VPOS="3455" WIDTH="27"/>
						<String ID="P1_ST01369" HPOS="3206" VPOS="3405" WIDTH="137" HEIGHT="43" CONTENT="violin" WC="0.97" CC="760237"/>
						<SP ID="P1_SP01097" HPOS="3343" VPOS="3455" WIDTH="31"/>
						<String ID="P1_ST01370" HPOS="3375" VPOS="3408" WIDTH="96" HEIGHT="39" CONTENT="solo" WC="0.95" CC="6780"/>
						<SP ID="P1_SP01098" HPOS="3471" VPOS="3455" WIDTH="25"/>
						<String ID="P1_ST01371" HPOS="3496" VPOS="3420" WIDTH="49" HEIGHT="27" CONTENT="as" WC="1.00" CC="00"/>
						<SP ID="P1_SP01099" HPOS="3545" VPOS="3455" WIDTH="28"/>
						<String ID="P1_ST01372" HPOS="3573" VPOS="3417" WIDTH="99" HEIGHT="41" CONTENT="part" WC="0.96" CC="0655"/>
					</TextLine>
					<TextLine ID="P1_TL00270" HPOS="2805" VPOS="3461" WIDTH="405" HEIGHT="50">
						<String ID="P1_ST01373" HPOS="2805" VPOS="3463" WIDTH="47" HEIGHT="39" CONTENT="of" WC="0.91" CC="10"/>
						<SP ID="P1_SP01100" HPOS="2852" VPOS="3502" WIDTH="28"/>
						<String ID="P1_ST01374" HPOS="2880" VPOS="3461" WIDTH="74" HEIGHT="43" CONTENT="the" WC="0.94" CC="069"/>
						<SP ID="P1_SP01101" HPOS="2954" VPOS="3504" WIDTH="31"/>
						<String ID="P1_ST01375" HPOS="2986" VPOS="3476" WIDTH="224" HEIGHT="35" CONTENT="program." WC="0.98" CC="72895500"/>
					</TextLine>
					<TextLine ID="P1_TL00271" HPOS="2860" VPOS="3520" WIDTH="813" HEIGHT="44">
						<String ID="P1_ST01376" HPOS="2860" VPOS="3520" WIDTH="99" HEIGHT="43" CONTENT="The" WC="0.99" CC="030"/>
						<SP ID="P1_SP01102" HPOS="2959" VPOS="3562" WIDTH="35"/>
						<String ID="P1_ST01377" HPOS="2994" VPOS="3520" WIDTH="126" HEIGHT="43" CONTENT="clubs" WC="0.98" CC="51270"/>
						<SP ID="P1_SP01103" HPOS="3120" VPOS="3562" WIDTH="36"/>
						<String ID="P1_ST01378" HPOS="3156" VPOS="3534" WIDTH="72" HEIGHT="27" CONTENT="are" WC="0.95" CC="840"/>
						<SP ID="P1_SP01104" HPOS="3228" VPOS="3562" WIDTH="36"/>
						<String ID="P1_ST01379" HPOS="3265" VPOS="3528" WIDTH="47" HEIGHT="35" CONTENT="to" WC="1.00" CC="00"/>
						<SP ID="P1_SP01105" HPOS="3312" VPOS="3562" WIDTH="35"/>
						<String ID="P1_ST01380" HPOS="3346" VPOS="3521" WIDTH="124" HEIGHT="41" CONTENT="leave" WC="0.98" CC="07240"/>
						<SP ID="P1_SP01106" HPOS="3471" VPOS="3562" WIDTH="35"/>
						<String ID="P1_ST01381" HPOS="3506" VPOS="3535" WIDTH="57" HEIGHT="28" CONTENT="on" WC="0.84" CC="03"/>
						<SP ID="P1_SP01107" HPOS="3562" VPOS="3564" WIDTH="35"/>
						<String ID="P1_ST01382" HPOS="3597" VPOS="3523" WIDTH="76" HEIGHT="39" CONTENT="the" WC="0.97" CC="070"/>
					</TextLine>
					<TextLine ID="P1_TL00272" HPOS="2805" VPOS="3576" WIDTH="865" HEIGHT="51">
						<String ID="P1_ST01383" HPOS="2805" VPOS="3576" WIDTH="106" HEIGHT="41" CONTENT="5:40" WC="0.69" CC="4042"/>
						<SP ID="P1_SP01108" HPOS="2910" VPOS="3617" WIDTH="33"/>
						<String ID="P1_ST01384" HPOS="2943" VPOS="3591" WIDTH="38" HEIGHT="36" CONTENT="p." WC="1.00" CC="00"/>
						<SP ID="P1_SP01109" HPOS="2981" VPOS="3627" WIDTH="36"/>
						<String ID="P1_ST01385" HPOS="3017" VPOS="3592" WIDTH="55" HEIGHT="25" CONTENT="m." WC="0.51" CC="90"/>
						<SP ID="P1_SP01110" HPOS="3072" VPOS="3627" WIDTH="35"/>
						<String ID="P1_ST01386" HPOS="3107" VPOS="3576" WIDTH="117" HEIGHT="43" CONTENT="train" WC="0.98" CC="20607"/>
						<SP ID="P1_SP01111" HPOS="3224" VPOS="3627" WIDTH="36"/>
						<String ID="P1_ST01387" HPOS="3260" VPOS="3576" WIDTH="115" HEIGHT="43" CONTENT="from" WC="0.97" CC="6007"/>
						<SP ID="P1_SP01112" HPOS="3375" VPOS="3627" WIDTH="35"/>
						<String ID="P1_ST01388" HPOS="3409" VPOS="3580" WIDTH="76" HEIGHT="39" CONTENT="the" WC="0.95" CC="066"/>
						<SP ID="P1_SP01113" HPOS="3485" VPOS="3627" WIDTH="33"/>
						<String ID="P1_ST01389" HPOS="3518" VPOS="3578" WIDTH="151" HEIGHT="41" CONTENT="Union" WC="0.98" CC="00308"/>
					</TextLine>
					<TextLine ID="P1_TL00273" HPOS="2806" VPOS="3633" WIDTH="865" HEIGHT="54">
						<String ID="P1_ST01390" HPOS="2806" VPOS="3633" WIDTH="191" HEIGHT="43" CONTENT="Station." WC="0.99" CC="00940000"/>
						<SP ID="P1_SP01114" HPOS="2997" VPOS="3676" WIDTH="68"/>
						<String ID="P1_ST01391" HPOS="3065" VPOS="3635" WIDTH="224" HEIGHT="52" CONTENT="Manager" WC="0.98" CC="0087906"/>
						<SP ID="P1_SP01115" HPOS="3288" VPOS="3687" WIDTH="35"/>
						<String ID="P1_ST01392" HPOS="3323" VPOS="3636" WIDTH="36" HEIGHT="50" CONTENT="J." WC="1.00" CC="00"/>
						<SP ID="P1_SP01116" HPOS="3359" VPOS="3687" WIDTH="41"/>
						<String ID="P1_ST01393" HPOS="3400" VPOS="3635" WIDTH="47" HEIGHT="41" CONTENT="B." WC="0.96" CC="00"/>
						<SP ID="P1_SP01117" HPOS="3447" VPOS="3687" WIDTH="38"/>
						<String ID="P1_ST01394" HPOS="3485" VPOS="3636" WIDTH="186" HEIGHT="46" CONTENT="Tasker," WC="1.00" CC="0002004"/>
					</TextLine>
					<TextLine ID="P1_TL00274" HPOS="2803" VPOS="3690" WIDTH="870" HEIGHT="54">
						<String ID="P1_ST01395" HPOS="2803" VPOS="3690" WIDTH="76" HEIGHT="54" CONTENT="Jr.," WC="1.00" CC="0100"/>
						<SP ID="P1_SP01118" HPOS="2879" VPOS="3743" WIDTH="28"/>
						<String ID="P1_ST01396" HPOS="2907" VPOS="3691" WIDTH="79" HEIGHT="49" CONTENT="’2O," WC="0.77" CC="0053"/>
						<SP ID="P1_SP01119" HPOS="2986" VPOS="3743" WIDTH="27"/>
						<String ID="P1_ST01397" HPOS="3013" VPOS="3691" WIDTH="170" HEIGHT="41" CONTENT="desires" WC="0.99" CC="0000135"/>
						<SP ID="P1_SP01120" HPOS="3183" VPOS="3743" WIDTH="28"/>
						<String ID="P1_ST01398" HPOS="3211" VPOS="3693" WIDTH="96" HEIGHT="39" CONTENT="that" WC="0.99" CC="0600"/>
						<SP ID="P1_SP01121" HPOS="3307" VPOS="3743" WIDTH="27"/>
						<String ID="P1_ST01399" HPOS="3334" VPOS="3694" WIDTH="58" HEIGHT="38" CONTENT="all" WC="0.95" CC="930"/>
						<SP ID="P1_SP01122" HPOS="3392" VPOS="3743" WIDTH="28"/>
						<String ID="P1_ST01400" HPOS="3420" VPOS="3706" WIDTH="101" HEIGHT="28" CONTENT="men" WC="0.95" CC="506"/>
						<SP ID="P1_SP01123" HPOS="3521" VPOS="3743" WIDTH="28"/>
						<String ID="P1_ST01401" HPOS="3550" VPOS="3694" WIDTH="93" HEIGHT="39" CONTENT="mak" SUBS_TYPE="HypPart1" SUBS_CONTENT="making" WC="0.97" CC="544"/>
						<HYP HPOS="3643" VPOS="3694" WIDTH="30" CONTENT="-"/>
					</TextLine>
					<TextLine ID="P1_TL00275" HPOS="2805" VPOS="3748" WIDTH="865" HEIGHT="54">
						<String ID="P1_ST01402" HPOS="2805" VPOS="3748" WIDTH="79" HEIGHT="54" CONTENT="ing" SUBS_TYPE="HypPart2" SUBS_CONTENT="making" WC="0.91" CC="679"/>
						<SP ID="P1_SP01124" HPOS="2883" VPOS="3802" WIDTH="28"/>
						<String ID="P1_ST01403" HPOS="2912" VPOS="3748" WIDTH="76" HEIGHT="44" CONTENT="the" WC="0.97" CC="060"/>
						<SP ID="P1_SP01125" HPOS="2987" VPOS="3802" WIDTH="33"/>
						<String ID="P1_ST01404" HPOS="3020" VPOS="3748" WIDTH="87" HEIGHT="54" CONTENT="trip" WC="0.99" CC="0060"/>
						<SP ID="P1_SP01126" HPOS="3107" VPOS="3802" WIDTH="33"/>
						<String ID="P1_ST01405" HPOS="3140" VPOS="3757" WIDTH="150" HEIGHT="44" CONTENT="report" WC="1.00" CC="000002"/>
						<SP ID="P1_SP01127" HPOS="3290" VPOS="3802" WIDTH="31"/>
						<String ID="P1_ST01406" HPOS="3321" VPOS="3759" WIDTH="46" HEIGHT="33" CONTENT="to" WC="0.90" CC="10"/>
						<SP ID="P1_SP01128" HPOS="3367" VPOS="3802" WIDTH="33"/>
						<String ID="P1_ST01407" HPOS="3400" VPOS="3750" WIDTH="91" HEIGHT="43" CONTENT="him" WC="0.96" CC="064"/>
						<SP ID="P1_SP01129" HPOS="3491" VPOS="3802" WIDTH="30"/>
						<String ID="P1_ST01408" HPOS="3521" VPOS="3757" WIDTH="46" HEIGHT="35" CONTENT="at" WC="0.58" CC="80"/>
						<SP ID="P1_SP01130" HPOS="3567" VPOS="3802" WIDTH="30"/>
						<String ID="P1_ST01409" HPOS="3597" VPOS="3750" WIDTH="72" HEIGHT="41" CONTENT="the" WC="0.94" CC="069"/>
					</TextLine>
					<TextLine ID="P1_TL00276" HPOS="2805" VPOS="3806" WIDTH="685" HEIGHT="43">
						<String ID="P1_ST01410" HPOS="2805" VPOS="3806" WIDTH="169" HEIGHT="43" CONTENT="station" WC="0.99" CC="6620000"/>
						<SP ID="P1_SP01131" HPOS="2973" VPOS="3849" WIDTH="27"/>
						<String ID="P1_ST01411" HPOS="3000" VPOS="3814" WIDTH="79" HEIGHT="33" CONTENT="not" WC="0.96" CC="900"/>
						<SP ID="P1_SP01132" HPOS="3079" VPOS="3849" WIDTH="25"/>
						<String ID="P1_ST01412" HPOS="3104" VPOS="3809" WIDTH="110" HEIGHT="39" CONTENT="later" WC="0.99" CC="64000"/>
						<SP ID="P1_SP01133" HPOS="3214" VPOS="3849" WIDTH="25"/>
						<String ID="P1_ST01413" HPOS="3239" VPOS="3808" WIDTH="107" HEIGHT="39" CONTENT="than" WC="0.96" CC="0558"/>
						<SP ID="P1_SP01134" HPOS="3346" VPOS="3849" WIDTH="27"/>
						<String ID="P1_ST01414" HPOS="3373" VPOS="3809" WIDTH="22" HEIGHT="38" CONTENT="5" WC="0.25" CC="7"/>
						<SP ID="P1_SP01135" HPOS="3395" VPOS="3849" WIDTH="17"/>
						<String ID="P1_ST01415" HPOS="3413" VPOS="3806" WIDTH="77" HEIGHT="43" CONTENT=":30." WC="0.66" CC="0670"/>
					</TextLine>
					<TextLine ID="P1_TL00277" HPOS="2863" VPOS="3863" WIDTH="810" HEIGHT="54">
						<String ID="P1_ST01416" HPOS="2863" VPOS="3863" WIDTH="98" HEIGHT="41" CONTENT="The" WC="0.97" CC="060"/>
						<SP ID="P1_SP01136" HPOS="2961" VPOS="3904" WIDTH="30"/>
						<String ID="P1_ST01417" HPOS="2991" VPOS="3877" WIDTH="211" HEIGHT="39" CONTENT="program" WC="0.97" CC="0686079"/>
						<SP ID="P1_SP01137" HPOS="3202" VPOS="3917" WIDTH="31"/>
						<String ID="P1_ST01418" HPOS="3233" VPOS="3871" WIDTH="44" HEIGHT="35" CONTENT="to" WC="0.49" CC="55"/>
						<SP ID="P1_SP01138" HPOS="3277" VPOS="3917" WIDTH="30"/>
						<String ID="P1_ST01419" HPOS="3307" VPOS="3863" WIDTH="54" HEIGHT="43" CONTENT="be" WC="0.63" CC="70"/>
						<SP ID="P1_SP01139" HPOS="3361" VPOS="3917" WIDTH="30"/>
						<String ID="P1_ST01420" HPOS="3391" VPOS="3863" WIDTH="216" HEIGHT="43" CONTENT="rendered" WC="0.99" CC="00770004"/>
						<SP ID="P1_SP01140" HPOS="3606" VPOS="3917" WIDTH="31"/>
						<String ID="P1_ST01421" HPOS="3638" VPOS="3863" WIDTH="35" HEIGHT="43" CONTENT="is" WC="0.58" CC="16"/>
					</TextLine>
					<TextLine ID="P1_TL00278" HPOS="2808" VPOS="3921" WIDTH="276" HEIGHT="39">
						<String ID="P1_ST01422" HPOS="2808" VPOS="3934" WIDTH="47" HEIGHT="25" CONTENT="as" WC="0.69" CC="60"/>
						<SP ID="P1_SP01141" HPOS="2855" VPOS="3959" WIDTH="25"/>
						<String ID="P1_ST01423" HPOS="2880" VPOS="3921" WIDTH="203" HEIGHT="39" CONTENT="follows:" WC="0.98" CC="59560950"/>
					</TextLine>
				</TextBlock>
				<TextBlock ID="P1_TB00037" HPOS="2803" VPOS="4082" WIDTH="876" HEIGHT="117" language="en" STYLEREFS="TXT_4 PAR_LEFT">
					<TextLine ID="P1_TL00279" HPOS="2803" VPOS="4085" WIDTH="698" HEIGHT="49">
						<String ID="P1_ST01424" HPOS="2803" VPOS="4085" WIDTH="257" HEIGHT="39" CONTENT="COVELL" WC="0.97" CC="000001"/>
						<SP ID="P1_SP01142" HPOS="3060" VPOS="4124" WIDTH="35"/>
						<String ID="P1_ST01425" HPOS="3094" VPOS="4087" WIDTH="76" HEIGHT="47" CONTENT="’2O," WC="0.80" CC="0070"/>
						<SP ID="P1_SP01143" HPOS="3170" VPOS="4134" WIDTH="35"/>
						<String ID="P1_ST01426" HPOS="3205" VPOS="4088" WIDTH="296" HEIGHT="41" CONTENT="ELECTED" WC="1.00" CC="0300030"/>
					</TextLine>
					<TextLine ID="P1_TL00280" HPOS="2945" VPOS="4154" WIDTH="722" HEIGHT="44">
						<String ID="P1_ST01427" HPOS="2945" VPOS="4156" WIDTH="180" HEIGHT="38" CONTENT="HEAD" WC="1.00" CC="0001"/>
						<SP ID="P1_SP01144" HPOS="3124" VPOS="4194" WIDTH="36"/>
						<String ID="P1_ST01428" HPOS="3161" VPOS="4156" WIDTH="79" HEIGHT="39" CONTENT="OF" WC="1.00" CC="00"/>
						<SP ID="P1_SP01145" HPOS="3239" VPOS="4195" WIDTH="36"/>
						<String ID="P1_ST01429" HPOS="3276" VPOS="4154" WIDTH="391" HEIGHT="44" CONTENT="DELEGATES." WC="0.99" CC="7003400020"/>
					</TextLine>
				</TextBlock>
				<TextBlock ID="P1_TB00038" HPOS="2802" VPOS="4277" WIDTH="863" HEIGHT="124" language="en" STYLEREFS="TXT_4 PAR_LEFT">
					<TextLine ID="P1_TL00281" HPOS="2802" VPOS="4280" WIDTH="863" HEIGHT="60">
						<String ID="P1_ST01430" HPOS="2802" VPOS="4280" WIDTH="123" HEIGHT="41" CONTENT="Four" WC="0.99" CC="4000"/>
						<SP ID="P1_SP01146" HPOS="2924" VPOS="4321" WIDTH="41"/>
						<String ID="P1_ST01431" HPOS="2965" VPOS="4282" WIDTH="167" HEIGHT="41" CONTENT="Brown" WC="0.99" CC="26000"/>
						<SP ID="P1_SP01147" HPOS="3132" VPOS="4323" WIDTH="43"/>
						<String ID="P1_ST01432" HPOS="3175" VPOS="4283" WIDTH="107" HEIGHT="41" CONTENT="Men" WC="0.98" CC="005"/>
						<SP ID="P1_SP01148" HPOS="3282" VPOS="4324" WIDTH="43"/>
						<String ID="P1_ST01433" HPOS="3324" VPOS="4293" WIDTH="49" HEIGHT="35" CONTENT="to" WC="0.80" CC="40"/>
						<SP ID="P1_SP01149" HPOS="3373" VPOS="4328" WIDTH="41"/>
						<String ID="P1_ST01434" HPOS="3414" VPOS="4288" WIDTH="137" HEIGHT="43" CONTENT="Make" WC="1.00" CC="0001"/>
						<SP ID="P1_SP01150" HPOS="3551" VPOS="4331" WIDTH="43"/>
						<String ID="P1_ST01435" HPOS="3594" VPOS="4290" WIDTH="71" HEIGHT="50" CONTENT="Up" WC="0.94" CC="01"/>
					</TextLine>
					<TextLine ID="P1_TL00282" HPOS="2965" VPOS="4351" WIDTH="532" HEIGHT="50">
						<String ID="P1_ST01436" HPOS="2965" VPOS="4351" WIDTH="49" HEIGHT="39" CONTENT="B." WC="0.74" CC="32"/>
						<SP ID="P1_SP01151" HPOS="3014" VPOS="4391" WIDTH="35"/>
						<String ID="P1_ST01437" HPOS="3049" VPOS="4351" WIDTH="47" HEIGHT="41" CONTENT="C." WC="0.85" CC="02"/>
						<SP ID="P1_SP01152" HPOS="3096" VPOS="4392" WIDTH="31"/>
						<String ID="P1_ST01438" HPOS="3128" VPOS="4353" WIDTH="52" HEIGHT="39" CONTENT="A." WC="1.00" CC="00"/>
						<SP ID="P1_SP01153" HPOS="3180" VPOS="4392" WIDTH="35"/>
						<String ID="P1_ST01439" HPOS="3214" VPOS="4354" WIDTH="283" HEIGHT="47" CONTENT="Delegation." WC="1.00" CC="00000015450"/>
					</TextLine>
				</TextBlock>
				<TextBlock ID="P1_TB00039" HPOS="2778" VPOS="4427" WIDTH="884" HEIGHT="1117" language="en" STYLEREFS="TXT_1 PAR_BLOCK">
					<TextLine ID="P1_TL00283" HPOS="2857" VPOS="4428" WIDTH="805" HEIGHT="54">
						<String ID="P1_ST01440" HPOS="2857" VPOS="4428" WIDTH="58" HEIGHT="41" CONTENT="At" WC="1.00" CC="00"/>
						<SP ID="P1_SP01154" HPOS="2915" VPOS="4469" WIDTH="31"/>
						<String ID="P1_ST01441" HPOS="2946" VPOS="4430" WIDTH="74" HEIGHT="43" CONTENT="the" WC="0.97" CC="700"/>
						<SP ID="P1_SP01155" HPOS="3020" VPOS="4472" WIDTH="31"/>
						<String ID="P1_ST01442" HPOS="3052" VPOS="4431" WIDTH="198" HEIGHT="50" CONTENT="meeting" WC="0.98" CC="9700079"/>
						<SP ID="P1_SP01156" HPOS="3250" VPOS="4482" WIDTH="30"/>
						<String ID="P1_ST01443" HPOS="3280" VPOS="4433" WIDTH="46" HEIGHT="39" CONTENT="of" WC="1.00" CC="00"/>
						<SP ID="P1_SP01157" HPOS="3326" VPOS="4482" WIDTH="28"/>
						<String ID="P1_ST01444" HPOS="3354" VPOS="4436" WIDTH="57" HEIGHT="38" CONTENT="all" WC="0.93" CC="981"/>
						<SP ID="P1_SP01158" HPOS="3411" VPOS="4482" WIDTH="31"/>
						<String ID="P1_ST01445" HPOS="3443" VPOS="4436" WIDTH="74" HEIGHT="41" CONTENT="the" WC="0.98" CC="060"/>
						<SP ID="P1_SP01159" HPOS="3517" VPOS="4482" WIDTH="33"/>
						<String ID="P1_ST01446" HPOS="3550" VPOS="4438" WIDTH="90" HEIGHT="41" CONTENT="dele" SUBS_TYPE="HypPart1" SUBS_CONTENT="delegates" WC="0.98" CC="6004"/>
						<HYP HPOS="3639" VPOS="4438" WIDTH="22" CONTENT="-"/>
					</TextLine>
					<TextLine ID="P1_TL00284" HPOS="2797" VPOS="4498" WIDTH="865" HEIGHT="49">
						<String ID="P1_ST01447" HPOS="2797" VPOS="4504" WIDTH="128" HEIGHT="43" CONTENT="gates" SUBS_TYPE="HypPart2" SUBS_CONTENT="delegates" WC="0.96" CC="96706"/>
						<SP ID="P1_SP01160" HPOS="2924" VPOS="4546" WIDTH="36"/>
						<String ID="P1_ST01448" HPOS="2961" VPOS="4498" WIDTH="66" HEIGHT="39" CONTENT="for" WC="0.97" CC="070"/>
						<SP ID="P1_SP01161" HPOS="3027" VPOS="4546" WIDTH="33"/>
						<String ID="P1_ST01449" HPOS="3060" VPOS="4499" WIDTH="74" HEIGHT="39" CONTENT="the" WC="0.97" CC="080"/>
						<SP ID="P1_SP01162" HPOS="3134" VPOS="4546" WIDTH="36"/>
						<String ID="P1_ST01450" HPOS="3170" VPOS="4499" WIDTH="285" HEIGHT="44" CONTENT="Convention" WC="0.98" CC="7486053616"/>
						<SP ID="P1_SP01163" HPOS="3455" VPOS="4546" WIDTH="35"/>
						<String ID="P1_ST01451" HPOS="3490" VPOS="4510" WIDTH="46" HEIGHT="35" CONTENT="to" WC="1.00" CC="00"/>
						<SP ID="P1_SP01164" HPOS="3535" VPOS="4546" WIDTH="35"/>
						<String ID="P1_ST01452" HPOS="3570" VPOS="4504" WIDTH="91" HEIGHT="41" CONTENT="Des" WC="0.43" CC="079"/>
					</TextLine>
					<TextLine ID="P1_TL00285" HPOS="2778" VPOS="4562" WIDTH="883" HEIGHT="62">
						<String ID="P1_ST01453" HPOS="2778" VPOS="4562" WIDTH="3" HEIGHT="61" CONTENT="j" WC="0.15" CC="8" STYLEREFS="TXT_8"/>
						<SP ID="P1_SP01165" HPOS="2781" VPOS="4624" WIDTH="17"/>
						<String ID="P1_ST01454" HPOS="2798" VPOS="4562" WIDTH="178" HEIGHT="43" CONTENT="Moines" WC="0.98" CC="003745"/>
						<SP ID="P1_SP01166" HPOS="2976" VPOS="4624" WIDTH="43"/>
						<String ID="P1_ST01455" HPOS="3019" VPOS="4565" WIDTH="39" HEIGHT="38" CONTENT="in" WC="0.58" CC="07"/>
						<SP ID="P1_SP01167" HPOS="3058" VPOS="4624" WIDTH="43"/>
						<String ID="P1_ST01456" HPOS="3101" VPOS="4565" WIDTH="72" HEIGHT="43" CONTENT="the" WC="0.97" CC="330"/>
						<SP ID="P1_SP01168" HPOS="3173" VPOS="4624" WIDTH="43"/>
						<String ID="P1_ST01457" HPOS="3216" VPOS="4567" WIDTH="151" HEIGHT="43" CONTENT="Union" WC="0.97" CC="38007"/>
						<SP ID="P1_SP01169" HPOS="3367" VPOS="4624" WIDTH="39"/>
						<String ID="P1_ST01458" HPOS="3406" VPOS="4573" WIDTH="255" HEIGHT="50" CONTENT="yesterday," WC="1.00" CC="0000008600"/>
					</TextLine>
					<TextLine ID="P1_TL00286" HPOS="2778" VPOS="4631" WIDTH="879" HEIGHT="65">
						<String ID="P1_ST01459" HPOS="2778" VPOS="4631" WIDTH="52" HEIGHT="65" CONTENT="jj." WC="0.63" CC="820"/>
						<SP ID="P1_SP01170" HPOS="2830" VPOS="4696" WIDTH="60"/>
						<String ID="P1_ST01460" HPOS="2890" VPOS="4631" WIDTH="55" HEIGHT="39" CONTENT="Tl." WC="0.50" CC="770"/>
						<SP ID="P1_SP01171" HPOS="2945" VPOS="4696" WIDTH="57"/>
						<String ID="P1_ST01461" HPOS="3002" VPOS="4633" WIDTH="153" HEIGHT="41" CONTENT="Coveil" WC="0.97" CC="587364"/>
						<SP ID="P1_SP01172" HPOS="3154" VPOS="4696" WIDTH="58"/>
						<String ID="P1_ST01462" HPOS="3213" VPOS="4636" WIDTH="76" HEIGHT="43" CONTENT="'2O." WC="0.74" CC="0072"/>
						<SP ID="P1_SP01173" HPOS="3288" VPOS="4696" WIDTH="57"/>
						<String ID="P1_ST01463" HPOS="3345" VPOS="4652" WIDTH="91" HEIGHT="27" CONTENT="was" WC="0.91" CC="966"/>
						<SP ID="P1_SP01174" HPOS="3436" VPOS="4696" WIDTH="54"/>
						<String ID="P1_ST01464" HPOS="3490" VPOS="4639" WIDTH="167" HEIGHT="41" CONTENT="elected" WC="0.99" CC="0400009"/>
					</TextLine>
					<TextLine ID="P1_TL00287" HPOS="2778" VPOS="4699" WIDTH="880" HEIGHT="59">
						<String ID="P1_ST01465" HPOS="2778" VPOS="4699" WIDTH="2" HEIGHT="58" CONTENT="j" WC="0.19" CC="8" STYLEREFS="TXT_8"/>
						<SP ID="P1_SP01175" HPOS="2780" VPOS="4757" WIDTH="14"/>
						<String ID="P1_ST01466" HPOS="2794" VPOS="4699" WIDTH="244" HEIGHT="41" CONTENT="Chairman" WC="0.99" CC="03010927"/>
						<SP ID="P1_SP01176" HPOS="3038" VPOS="4757" WIDTH="35"/>
						<String ID="P1_ST01467" HPOS="3072" VPOS="4704" WIDTH="47" HEIGHT="39" CONTENT="of" WC="1.00" CC="00"/>
						<SP ID="P1_SP01177" HPOS="3120" VPOS="4757" WIDTH="35"/>
						<String ID="P1_ST01468" HPOS="3154" VPOS="4704" WIDTH="74" HEIGHT="43" CONTENT="the" WC="0.98" CC="030"/>
						<SP ID="P1_SP01178" HPOS="3228" VPOS="4757" WIDTH="36"/>
						<String ID="P1_ST01469" HPOS="3265" VPOS="4706" WIDTH="271" HEIGHT="52" CONTENT="delegation," WC="0.99" CC="63209003071"/>
						<SP ID="P1_SP01179" HPOS="3535" VPOS="4757" WIDTH="38"/>
						<String ID="P1_ST01470" HPOS="3573" VPOS="4710" WIDTH="85" HEIGHT="38" CONTENT="and" WC="0.92" CC="569"/>
					</TextLine>
					<TextLine ID="P1_TL00288" HPOS="2778" VPOS="4767" WIDTH="881" HEIGHT="68">
						<String ID="P1_ST01471" HPOS="2778" VPOS="4767" WIDTH="2" HEIGHT="68" CONTENT="j" WC="0.31" CC="6" STYLEREFS="TXT_8"/>
						<SP ID="P1_SP01180" HPOS="2780" VPOS="4835" WIDTH="16"/>
						<String ID="P1_ST01472" HPOS="2795" VPOS="4767" WIDTH="47" HEIGHT="39" CONTENT="E." WC="0.61" CC="70"/>
						<SP ID="P1_SP01181" HPOS="2843" VPOS="4835" WIDTH="31"/>
						<String ID="P1_ST01473" HPOS="2874" VPOS="4769" WIDTH="50" HEIGHT="41" CONTENT="A." WC="0.57" CC="80"/>
						<SP ID="P1_SP01182" HPOS="2924" VPOS="4835" WIDTH="28"/>
						<String ID="P1_ST01474" HPOS="2953" VPOS="4767" WIDTH="200" HEIGHT="55" CONTENT="Sterling" WC="0.99" CC="10700169"/>
						<SP ID="P1_SP01183" HPOS="3153" VPOS="4835" WIDTH="28"/>
						<String ID="P1_ST01475" HPOS="3181" VPOS="4786" WIDTH="91" HEIGHT="27" CONTENT="was" WC="0.99" CC="300"/>
						<SP ID="P1_SP01184" HPOS="3272" VPOS="4835" WIDTH="27"/>
						<String ID="P1_ST01476" HPOS="3299" VPOS="4773" WIDTH="172" HEIGHT="41" CONTENT="elected" WC="0.99" CC="0307070"/>
						<SP ID="P1_SP01185" HPOS="3471" VPOS="4835" WIDTH="27"/>
						<String ID="P1_ST01477" HPOS="3498" VPOS="4775" WIDTH="161" HEIGHT="46" CONTENT="Treas.-" WC="0.68" CC="0003674"/>
					</TextLine>
					<TextLine ID="P1_TL00289" HPOS="2794" VPOS="4836" WIDTH="861" HEIGHT="60">
						<String ID="P1_ST01478" HPOS="2794" VPOS="4850" WIDTH="112" HEIGHT="27" CONTENT="urer." WC="0.70" CC="63310"/>
						<SP ID="P1_SP01186" HPOS="2906" VPOS="4877" WIDTH="71"/>
						<String ID="P1_ST01479" HPOS="2976" VPOS="4836" WIDTH="118" HEIGHT="43" CONTENT="Four" WC="0.98" CC="0080"/>
						<SP ID="P1_SP01187" HPOS="3094" VPOS="4879" WIDTH="39"/>
						<String ID="P1_ST01480" HPOS="3134" VPOS="4838" WIDTH="44" HEIGHT="43" CONTENT="of" WC="0.60" CC="07"/>
						<SP ID="P1_SP01188" HPOS="3178" VPOS="4880" WIDTH="39"/>
						<String ID="P1_ST01481" HPOS="3217" VPOS="4841" WIDTH="72" HEIGHT="41" CONTENT="the" WC="0.98" CC="050"/>
						<SP ID="P1_SP01189" HPOS="3290" VPOS="4882" WIDTH="39"/>
						<String ID="P1_ST01482" HPOS="3329" VPOS="4855" WIDTH="101" HEIGHT="27" CONTENT="men" WC="0.95" CC="077"/>
						<SP ID="P1_SP01190" HPOS="3430" VPOS="4882" WIDTH="39"/>
						<String ID="P1_ST01483" HPOS="3469" VPOS="4843" WIDTH="91" HEIGHT="41" CONTENT="will" WC="0.98" CC="1432"/>
						<SP ID="P1_SP01191" HPOS="3561" VPOS="4883" WIDTH="38"/>
						<String ID="P1_ST01484" HPOS="3598" VPOS="4858" WIDTH="57" HEIGHT="38" CONTENT="go" WC="0.13" CC="79"/>
					</TextLine>
					<TextLine ID="P1_TL00290" HPOS="2778" VPOS="4896" WIDTH="876" HEIGHT="66">
						<String ID="P1_ST01485" HPOS="2778" VPOS="4896" WIDTH="145" HEIGHT="49" CONTENT="iWest" WC="0.38" CC="89092"/>
						<SP ID="P1_SP01192" HPOS="2923" VPOS="4945" WIDTH="30"/>
						<String ID="P1_ST01486" HPOS="2953" VPOS="4906" WIDTH="110" HEIGHT="41" CONTENT="from" WC="0.96" CC="4067"/>
						<SP ID="P1_SP01193" HPOS="3063" VPOS="4946" WIDTH="61"/>
						<String ID="P1_ST01487" HPOS="3124" VPOS="4907" WIDTH="172" HEIGHT="41" CONTENT="Boston" WC="0.98" CC="705005"/>
						<SP ID="P1_SP01194" HPOS="3296" VPOS="4948" WIDTH="30"/>
						<String ID="P1_ST01488" HPOS="3326" VPOS="4910" WIDTH="57" HEIGHT="46" CONTENT="by" WC="0.53" CC="35"/>
						<SP ID="P1_SP01195" HPOS="3383" VPOS="4956" WIDTH="28"/>
						<String ID="P1_ST01489" HPOS="3411" VPOS="4924" WIDTH="24" HEIGHT="25" CONTENT="a" WC="0.30" CC="6"/>
						<SP ID="P1_SP01196" HPOS="3435" VPOS="4956" WIDTH="55"/>
						<String ID="P1_ST01490" HPOS="3490" VPOS="4910" WIDTH="164" HEIGHT="52" CONTENT="special" WC="0.99" CC="0000566"/>
					</TextLine>
					<TextLine ID="P1_TL00291" HPOS="2794" VPOS="4973" WIDTH="862" HEIGHT="46">
						<String ID="P1_ST01491" HPOS="2794" VPOS="4986" WIDTH="71" HEIGHT="24" CONTENT="car" WC="0.95" CC="093"/>
						<SP ID="P1_SP01197" HPOS="2865" VPOS="5009" WIDTH="63"/>
						<String ID="P1_ST01492" HPOS="2928" VPOS="4973" WIDTH="109" HEIGHT="38" CONTENT="with" WC="0.97" CC="0506"/>
						<SP ID="P1_SP01198" HPOS="3036" VPOS="5011" WIDTH="61"/>
						<String ID="P1_ST01493" HPOS="3098" VPOS="4975" WIDTH="140" HEIGHT="39" CONTENT="about" WC="0.96" CC="77673"/>
						<SP ID="P1_SP01199" HPOS="3238" VPOS="5014" WIDTH="60"/>
						<String ID="P1_ST01494" HPOS="3298" VPOS="4983" WIDTH="91" HEIGHT="33" CONTENT="two" WC="0.97" CC="070"/>
						<SP ID="P1_SP01200" HPOS="3389" VPOS="5016" WIDTH="65"/>
						<String ID="P1_ST01495" HPOS="3454" VPOS="4978" WIDTH="202" HEIGHT="41" CONTENT="hundred" WC="1.00" CC="0140000"/>
					</TextLine>
					<TextLine ID="P1_TL00292" HPOS="2778" VPOS="5028" WIDTH="874" HEIGHT="59">
						<String ID="P1_ST01496" HPOS="2778" VPOS="5028" WIDTH="2" HEIGHT="58" CONTENT="i" WC="0.44" CC="5"/>
						<SP ID="P1_SP01201" HPOS="2780" VPOS="5087" WIDTH="9"/>
						<String ID="P1_ST01497" HPOS="2789" VPOS="5028" WIDTH="128" HEIGHT="43" CONTENT="other" WC="0.99" CC="00603"/>
						<SP ID="P1_SP01202" HPOS="2917" VPOS="5087" WIDTH="38"/>
						<String ID="P1_ST01498" HPOS="2954" VPOS="5033" WIDTH="208" HEIGHT="38" CONTENT="students" WC="0.99" CC="00060810"/>
						<SP ID="P1_SP01203" HPOS="3162" VPOS="5087" WIDTH="36"/>
						<String ID="P1_ST01499" HPOS="3198" VPOS="5033" WIDTH="47" HEIGHT="41" CONTENT="of" WC="0.64" CC="07"/>
						<SP ID="P1_SP01204" HPOS="3246" VPOS="5087" WIDTH="35"/>
						<String ID="P1_ST01500" HPOS="3280" VPOS="5035" WIDTH="129" HEIGHT="41" CONTENT="other" WC="0.99" CC="05000"/>
						<SP ID="P1_SP01205" HPOS="3409" VPOS="5087" WIDTH="36"/>
						<String ID="P1_ST01501" HPOS="3446" VPOS="5036" WIDTH="206" HEIGHT="50" CONTENT="colleges." WC="0.99" CC="504009760"/>
					</TextLine>
					<TextLine ID="P1_TL00293" HPOS="2787" VPOS="5087" WIDTH="865" HEIGHT="54">
						<String ID="P1_ST01502" HPOS="2787" VPOS="5087" WIDTH="94" HEIGHT="41" CONTENT="The" WC="0.99" CC="030"/>
						<SP ID="P1_SP01206" HPOS="2882" VPOS="5128" WIDTH="30"/>
						<String ID="P1_ST01503" HPOS="2912" VPOS="5088" WIDTH="164" HEIGHT="39" CONTENT="Brown" WC="0.97" CC="01098"/>
						<SP ID="P1_SP01207" HPOS="3076" VPOS="5128" WIDTH="28"/>
						<String ID="P1_ST01504" HPOS="3104" VPOS="5088" WIDTH="271" HEIGHT="52" CONTENT="delegation," WC="0.99" CC="71549110000"/>
						<SP ID="P1_SP01208" HPOS="3375" VPOS="5140" WIDTH="27"/>
						<String ID="P1_ST01505" HPOS="3402" VPOS="5091" WIDTH="145" HEIGHT="41" CONTENT="which" WC="0.97" CC="92043"/>
						<SP ID="P1_SP01209" HPOS="3546" VPOS="5140" WIDTH="27"/>
						<String ID="P1_ST01506" HPOS="3573" VPOS="5093" WIDTH="79" HEIGHT="41" CONTENT="has" WC="0.94" CC="159"/>
					</TextLine>
					<TextLine ID="P1_TL00294" HPOS="2786" VPOS="5145" WIDTH="865" HEIGHT="52">
						<String ID="P1_ST01507" HPOS="2786" VPOS="5145" WIDTH="192" HEIGHT="50" CONTENT="planned" WC="0.98" CC="0568500"/>
						<SP ID="P1_SP01210" HPOS="2978" VPOS="5195" WIDTH="30"/>
						<String ID="P1_ST01508" HPOS="3008" VPOS="5153" WIDTH="46" HEIGHT="35" CONTENT="to" WC="0.71" CC="05"/>
						<SP ID="P1_SP01211" HPOS="3054" VPOS="5195" WIDTH="25"/>
						<String ID="P1_ST01509" HPOS="3079" VPOS="5161" WIDTH="57" HEIGHT="36" CONTENT="go" WC="0.50" CC="90"/>
						<SP ID="P1_SP01212" HPOS="3135" VPOS="5197" WIDTH="28"/>
						<String ID="P1_ST01510" HPOS="3164" VPOS="5148" WIDTH="41" HEIGHT="41" CONTENT="in" WC="0.48" CC="36"/>
						<SP ID="P1_SP01213" HPOS="3205" VPOS="5197" WIDTH="28"/>
						<String ID="P1_ST01511" HPOS="3233" VPOS="5156" WIDTH="115" HEIGHT="35" CONTENT="twos" WC="1.00" CC="0000"/>
						<SP ID="P1_SP01214" HPOS="3348" VPOS="5197" WIDTH="27"/>
						<String ID="P1_ST01512" HPOS="3375" VPOS="5151" WIDTH="87" HEIGHT="41" CONTENT="and" WC="0.91" CC="987"/>
						<SP ID="P1_SP01215" HPOS="3461" VPOS="5197" WIDTH="28"/>
						<String ID="P1_ST01513" HPOS="3490" VPOS="5150" WIDTH="161" HEIGHT="44" CONTENT="threes," WC="0.99" CC="0000660"/>
					</TextLine>
					<TextLine ID="P1_TL00295" HPOS="2786" VPOS="5202" WIDTH="863" HEIGHT="52">
						<String ID="P1_ST01514" HPOS="2786" VPOS="5217" WIDTH="46" HEIGHT="25" CONTENT="as" WC="0.82" CC="30"/>
						<SP ID="P1_SP01216" HPOS="2831" VPOS="5243" WIDTH="38"/>
						<String ID="P1_ST01515" HPOS="2869" VPOS="5202" WIDTH="65" HEIGHT="43" CONTENT="far" WC="0.97" CC="260"/>
						<SP ID="P1_SP01217" HPOS="2934" VPOS="5244" WIDTH="35"/>
						<String ID="P1_ST01516" HPOS="2969" VPOS="5219" WIDTH="47" HEIGHT="25" CONTENT="as" WC="1.00" CC="00"/>
						<SP ID="P1_SP01218" HPOS="3016" VPOS="5244" WIDTH="38"/>
						<String ID="P1_ST01517" HPOS="3054" VPOS="5203" WIDTH="213" HEIGHT="50" CONTENT="Chicago," WC="0.98" CC="06506932"/>
						<SP ID="P1_SP01219" HPOS="3266" VPOS="5254" WIDTH="36"/>
						<String ID="P1_ST01518" HPOS="3302" VPOS="5206" WIDTH="90" HEIGHT="39" CONTENT="will" WC="0.99" CC="0300"/>
						<SP ID="P1_SP01220" HPOS="3392" VPOS="5254" WIDTH="36"/>
						<String ID="P1_ST01519" HPOS="3428" VPOS="5209" WIDTH="220" HEIGHT="39" CONTENT="assemble" WC="0.99" CC="30008660"/>
					</TextLine>
					<TextLine ID="P1_TL00296" HPOS="2786" VPOS="5260" WIDTH="863" HEIGHT="54">
						<String ID="P1_ST01520" HPOS="2786" VPOS="5260" WIDTH="121" HEIGHT="39" CONTENT="there" WC="0.98" CC="33402"/>
						<SP ID="P1_SP01221" HPOS="2907" VPOS="5299" WIDTH="38"/>
						<String ID="P1_ST01521" HPOS="2945" VPOS="5276" WIDTH="55" HEIGHT="25" CONTENT="on" WC="0.31" CC="66"/>
						<SP ID="P1_SP01222" HPOS="3000" VPOS="5301" WIDTH="43"/>
						<String ID="P1_ST01522" HPOS="3043" VPOS="5261" WIDTH="106" HEIGHT="41" CONTENT="Dec." WC="1.00" CC="2000"/>
						<SP ID="P1_SP01223" HPOS="3148" VPOS="5302" WIDTH="38"/>
						<String ID="P1_ST01523" HPOS="3186" VPOS="5261" WIDTH="52" HEIGHT="39" CONTENT="30" WC="0.35" CC="66"/>
						<SP ID="P1_SP01224" HPOS="3238" VPOS="5302" WIDTH="35"/>
						<String ID="P1_ST01524" HPOS="3272" VPOS="5266" WIDTH="87" HEIGHT="39" CONTENT="and" WC="0.93" CC="665"/>
						<SP ID="P1_SP01225" HPOS="3359" VPOS="5306" WIDTH="38"/>
						<String ID="P1_ST01525" HPOS="3397" VPOS="5279" WIDTH="58" HEIGHT="35" CONTENT="go" WC="0.50" CC="90"/>
						<SP ID="P1_SP01226" HPOS="3455" VPOS="5313" WIDTH="35"/>
						<String ID="P1_ST01526" HPOS="3490" VPOS="5279" WIDTH="57" HEIGHT="27" CONTENT="on" WC="0.68" CC="06"/>
						<SP ID="P1_SP01227" HPOS="3546" VPOS="5313" WIDTH="38"/>
						<String ID="P1_ST01527" HPOS="3584" VPOS="5272" WIDTH="44" HEIGHT="33" CONTENT="to" SUBS_TYPE="HypPart1" SUBS_CONTENT="together" WC="0.96" CC="05"/>
						<HYP HPOS="3628" VPOS="5272" WIDTH="20" CONTENT="-"/>
					</TextLine>
					<TextLine ID="P1_TL00297" HPOS="2783" VPOS="5317" WIDTH="863" HEIGHT="54">
						<String ID="P1_ST01528" HPOS="2783" VPOS="5317" WIDTH="157" HEIGHT="49" CONTENT="gether" SUBS_TYPE="HypPart2" SUBS_CONTENT="together" WC="0.98" CC="934400"/>
						<SP ID="P1_SP01228" HPOS="2940" VPOS="5365" WIDTH="44"/>
						<String ID="P1_ST01529" HPOS="2984" VPOS="5324" WIDTH="44" HEIGHT="33" CONTENT="to" WC="0.68" CC="06"/>
						<SP ID="P1_SP01229" HPOS="3028" VPOS="5365" WIDTH="72"/>
						<String ID="P1_ST01530" HPOS="3101" VPOS="5317" WIDTH="91" HEIGHT="43" CONTENT="Des" WC="0.76" CC="007"/>
						<SP ID="P1_SP01230" HPOS="3192" VPOS="5365" WIDTH="44"/>
						<String ID="P1_ST01531" HPOS="3236" VPOS="5320" WIDTH="192" HEIGHT="50" CONTENT="Moines," WC="0.99" CC="2008000"/>
						<SP ID="P1_SP01231" HPOS="3428" VPOS="5370" WIDTH="69"/>
						<String ID="P1_ST01532" HPOS="3498" VPOS="5323" WIDTH="148" HEIGHT="41" CONTENT="where" WC="0.99" CC="00702"/>
					</TextLine>
					<TextLine ID="P1_TL00298" HPOS="2783" VPOS="5375" WIDTH="863" HEIGHT="50">
						<String ID="P1_ST01533" HPOS="2783" VPOS="5375" WIDTH="106" HEIGHT="50" CONTENT="they" WC="0.98" CC="0415"/>
						<SP ID="P1_SP01232" HPOS="2888" VPOS="5425" WIDTH="68"/>
						<String ID="P1_ST01534" HPOS="2956" VPOS="5375" WIDTH="87" HEIGHT="39" CONTENT="will" WC="0.96" CC="9250"/>
						<SP ID="P1_SP01233" HPOS="3043" VPOS="5425" WIDTH="36"/>
						<String ID="P1_ST01535" HPOS="3079" VPOS="5378" WIDTH="52" HEIGHT="39" CONTENT="be" WC="0.69" CC="60"/>
						<SP ID="P1_SP01234" HPOS="3131" VPOS="5425" WIDTH="65"/>
						<String ID="P1_ST01536" HPOS="3195" VPOS="5392" WIDTH="55" HEIGHT="27" CONTENT="on" WC="0.87" CC="20"/>
						<SP ID="P1_SP01235" HPOS="3250" VPOS="5425" WIDTH="38"/>
						<String ID="P1_ST01537" HPOS="3288" VPOS="5376" WIDTH="117" HEIGHT="43" CONTENT="hand" WC="0.95" CC="6942"/>
						<SP ID="P1_SP01236" HPOS="3405" VPOS="5425" WIDTH="38"/>
						<String ID="P1_ST01538" HPOS="3443" VPOS="5378" WIDTH="69" HEIGHT="43" CONTENT="for" WC="1.00" CC="100"/>
						<SP ID="P1_SP01237" HPOS="3512" VPOS="5425" WIDTH="60"/>
						<String ID="P1_ST01539" HPOS="3572" VPOS="5380" WIDTH="74" HEIGHT="39" CONTENT="the" WC="0.95" CC="570"/>
					</TextLine>
					<TextLine ID="P1_TL00299" HPOS="2780" VPOS="5431" WIDTH="866" HEIGHT="49">
						<String ID="P1_ST01540" HPOS="2780" VPOS="5431" WIDTH="200" HEIGHT="49" CONTENT="opening" WC="0.98" CC="0007059"/>
						<SP ID="P1_SP01238" HPOS="2980" VPOS="5480" WIDTH="39"/>
						<String ID="P1_ST01541" HPOS="3019" VPOS="5433" WIDTH="44" HEIGHT="38" CONTENT="of" WC="0.61" CC="51"/>
						<SP ID="P1_SP01239" HPOS="3063" VPOS="5480" WIDTH="69"/>
						<String ID="P1_ST01542" HPOS="3132" VPOS="5435" WIDTH="74" HEIGHT="39" CONTENT="the" WC="1.00" CC="000"/>
						<SP ID="P1_SP01240" HPOS="3206" VPOS="5480" WIDTH="41"/>
						<String ID="P1_ST01543" HPOS="3247" VPOS="5435" WIDTH="285" HEIGHT="43" CONTENT="Convention" WC="0.99" CC="0070080105"/>
						<SP ID="P1_SP01241" HPOS="3532" VPOS="5480" WIDTH="71"/>
						<String ID="P1_ST01544" HPOS="3603" VPOS="5444" WIDTH="43" HEIGHT="35" CONTENT="at" WC="0.41" CC="55"/>
					</TextLine>
					<TextLine ID="P1_TL00300" HPOS="2780" VPOS="5488" WIDTH="776" HEIGHT="55">
						<String ID="P1_ST01545" HPOS="2780" VPOS="5488" WIDTH="257" HEIGHT="43" CONTENT="two-thirtv" WC="0.73" CC="6170501004"/>
						<SP ID="P1_SP01242" HPOS="3036" VPOS="5531" WIDTH="36"/>
						<String ID="P1_ST01546" HPOS="3072" VPOS="5490" WIDTH="76" HEIGHT="41" CONTENT="the" WC="0.95" CC="067"/>
						<SP ID="P1_SP01243" HPOS="3148" VPOS="5531" WIDTH="38"/>
						<String ID="P1_ST01547" HPOS="3186" VPOS="5491" WIDTH="236" HEIGHT="52" CONTENT="following" WC="0.99" CC="100114089"/>
						<SP ID="P1_SP01244" HPOS="3422" VPOS="5543" WIDTH="35"/>
						<String ID="P1_ST01548" HPOS="3457" VPOS="5494" WIDTH="99" HEIGHT="49" CONTENT="day." WC="0.97" CC="7050"/>
					</TextLine>
				</TextBlock>
				<TextBlock ID="P1_TB00040" HPOS="3121" VPOS="5597" WIDTH="222" HEIGHT="47" language="en" STYLEREFS="TXT_4 PAR_RIGHT">
					<TextLine ID="P1_TL00301" HPOS="3121" VPOS="5605" WIDTH="176" HEIGHT="39">
						<String ID="P1_ST01549" HPOS="3121" VPOS="5605" WIDTH="176" HEIGHT="39" CONTENT="Notice." WC="1.00" CC="0002001"/>
					</TextLine>
				</TextBlock>
				<TextBlock ID="P1_TB00041" HPOS="2770" VPOS="5658" WIDTH="872" HEIGHT="268" language="en" STYLEREFS="TXT_1 PAR_BLOCK">
					<TextLine ID="P1_TL00302" HPOS="2833" VPOS="5661" WIDTH="808" HEIGHT="46">
						<String ID="P1_ST01550" HPOS="2833" VPOS="5661" WIDTH="72" HEIGHT="39" CONTENT="All" WC="0.98" CC="004"/>
						<SP ID="P1_SP01245" HPOS="2906" VPOS="5701" WIDTH="25"/>
						<String ID="P1_ST01551" HPOS="2931" VPOS="5676" WIDTH="99" HEIGHT="27" CONTENT="men" WC="0.98" CC="006"/>
						<SP ID="P1_SP01246" HPOS="3030" VPOS="5702" WIDTH="28"/>
						<String ID="P1_ST01552" HPOS="3058" VPOS="5663" WIDTH="101" HEIGHT="41" CONTENT="who" WC="0.98" CC="050"/>
						<SP ID="P1_SP01247" HPOS="3159" VPOS="5704" WIDTH="27"/>
						<String ID="P1_ST01553" HPOS="3186" VPOS="5663" WIDTH="94" HEIGHT="43" CONTENT="sold" WC="0.98" CC="0150"/>
						<SP ID="P1_SP01248" HPOS="3280" VPOS="5706" WIDTH="27"/>
						<String ID="P1_ST01554" HPOS="3307" VPOS="5663" WIDTH="153" HEIGHT="43" CONTENT="Union" WC="0.96" CC="07676"/>
						<SP ID="P1_SP01249" HPOS="3460" VPOS="5706" WIDTH="27"/>
						<String ID="P1_ST01555" HPOS="3487" VPOS="5666" WIDTH="154" HEIGHT="41" CONTENT="Dance" WC="0.98" CC="04642"/>
					</TextLine>
					<TextLine ID="P1_TL00303" HPOS="2775" VPOS="5718" WIDTH="863" HEIGHT="52">
						<String ID="P1_ST01556" HPOS="2775" VPOS="5718" WIDTH="162" HEIGHT="41" CONTENT="tickets" WC="0.99" CC="0061024"/>
						<SP ID="P1_SP01250" HPOS="2937" VPOS="5759" WIDTH="39"/>
						<String ID="P1_ST01557" HPOS="2976" VPOS="5732" WIDTH="74" HEIGHT="27" CONTENT="are" WC="0.93" CC="467"/>
						<SP ID="P1_SP01251" HPOS="3050" VPOS="5759" WIDTH="39"/>
						<String ID="P1_ST01558" HPOS="3090" VPOS="5723" WIDTH="239" HEIGHT="47" CONTENT="requested" WC="1.00" CC="000700004"/>
						<SP ID="P1_SP01252" HPOS="3329" VPOS="5770" WIDTH="39"/>
						<String ID="P1_ST01559" HPOS="3369" VPOS="5731" WIDTH="47" HEIGHT="33" CONTENT="to" WC="1.00" CC="00"/>
						<SP ID="P1_SP01253" HPOS="3416" VPOS="5770" WIDTH="38"/>
						<String ID="P1_ST01560" HPOS="3454" VPOS="5731" WIDTH="102" HEIGHT="33" CONTENT="turn" WC="0.97" CC="0807"/>
						<SP ID="P1_SP01254" HPOS="3556" VPOS="5770" WIDTH="41"/>
						<String ID="P1_ST01561" HPOS="3597" VPOS="5723" WIDTH="41" HEIGHT="41" CONTENT="in" WC="0.60" CC="25"/>
					</TextLine>
					<TextLine ID="P1_TL00304" HPOS="2773" VPOS="5775" WIDTH="865" HEIGHT="52">
						<String ID="P1_ST01562" HPOS="2773" VPOS="5775" WIDTH="55" HEIGHT="41" CONTENT="all" WC="0.96" CC="540"/>
						<SP ID="P1_SP01255" HPOS="2828" VPOS="5816" WIDTH="39"/>
						<String ID="P1_ST01563" HPOS="2868" VPOS="5791" WIDTH="162" HEIGHT="36" CONTENT="money" WC="0.99" CC="00500"/>
						<SP ID="P1_SP01256" HPOS="3030" VPOS="5827" WIDTH="39"/>
						<String ID="P1_ST01564" HPOS="3069" VPOS="5780" WIDTH="85" HEIGHT="39" CONTENT="and" WC="0.94" CC="780"/>
						<SP ID="P1_SP01257" HPOS="3154" VPOS="5827" WIDTH="41"/>
						<String ID="P1_ST01565" HPOS="3195" VPOS="5780" WIDTH="161" HEIGHT="39" CONTENT="unsold" WC="0.98" CC="670700"/>
						<SP ID="P1_SP01258" HPOS="3356" VPOS="5827" WIDTH="38"/>
						<String ID="P1_ST01566" HPOS="3394" VPOS="5778" WIDTH="162" HEIGHT="44" CONTENT="tickets" WC="0.99" CC="0270210"/>
						<SP ID="P1_SP01259" HPOS="3556" VPOS="5827" WIDTH="38"/>
						<String ID="P1_ST01567" HPOS="3594" VPOS="5789" WIDTH="44" HEIGHT="33" CONTENT="to" WC="0.12" CC="79"/>
					</TextLine>
					<TextLine ID="P1_TL00305" HPOS="2773" VPOS="5831" WIDTH="865" HEIGHT="57">
						<String ID="P1_ST01568" HPOS="2773" VPOS="5831" WIDTH="72" HEIGHT="41" CONTENT="the" WC="0.97" CC="070"/>
						<SP ID="P1_SP01260" HPOS="2846" VPOS="5872" WIDTH="28"/>
						<String ID="P1_ST01569" HPOS="2874" VPOS="5831" WIDTH="151" HEIGHT="41" CONTENT="Union" WC="0.98" CC="00527"/>
						<SP ID="P1_SP01261" HPOS="3025" VPOS="5872" WIDTH="30"/>
						<String ID="P1_ST01570" HPOS="3055" VPOS="5835" WIDTH="124" HEIGHT="39" CONTENT="office" WC="0.99" CC="400040"/>
						<SP ID="P1_SP01262" HPOS="3180" VPOS="5874" WIDTH="27"/>
						<String ID="P1_ST01571" HPOS="3206" VPOS="5849" WIDTH="49" HEIGHT="27" CONTENT="as" WC="0.50" CC="90"/>
						<SP ID="P1_SP01263" HPOS="3255" VPOS="5876" WIDTH="27"/>
						<String ID="P1_ST01572" HPOS="3282" VPOS="5849" WIDTH="110" HEIGHT="27" CONTENT="soon" WC="0.98" CC="0026"/>
						<SP ID="P1_SP01264" HPOS="3392" VPOS="5876" WIDTH="28"/>
						<String ID="P1_ST01573" HPOS="3420" VPOS="5852" WIDTH="47" HEIGHT="27" CONTENT="as" WC="0.57" CC="80"/>
						<SP ID="P1_SP01265" HPOS="3468" VPOS="5879" WIDTH="28"/>
						<String ID="P1_ST01574" HPOS="3496" VPOS="5838" WIDTH="118" HEIGHT="50" CONTENT="possi" SUBS_TYPE="HypPart1" SUBS_CONTENT="possible." WC="0.98" CC="90463"/>
						<HYP HPOS="3614" VPOS="5838" WIDTH="24" CONTENT="-"/>
					</TextLine>
					<TextLine ID="P1_TL00306" HPOS="2770" VPOS="5890" WIDTH="82" HEIGHT="36">
						<String ID="P1_ST01575" HPOS="2770" VPOS="5890" WIDTH="82" HEIGHT="36" CONTENT="ble." SUBS_TYPE="HypPart2" SUBS_CONTENT="possible." WC="0.97" CC="6700"/>
					</TextLine>
				</TextBlock>
				<TextBlock ID="P1_TB00042" HPOS="285" VPOS="3978" WIDTH="455" HEIGHT="43" language="en" STYLEREFS="TXT_6 PAR_LEFT">
					<TextLine ID="P1_TL00307" HPOS="285" VPOS="3981" WIDTH="455" HEIGHT="40">
						<String ID="P1_ST01576" HPOS="285" VPOS="3981" WIDTH="209" HEIGHT="35" CONTENT="Continued" WC="0.99" CC="332008743"/>
						<SP ID="P1_SP01266" HPOS="494" VPOS="4016" WIDTH="27"/>
						<String ID="P1_ST01577" HPOS="521" VPOS="3995" WIDTH="47" HEIGHT="20" CONTENT="on" WC="0.68" CC="60"/>
						<SP ID="P1_SP01267" HPOS="569" VPOS="4016" WIDTH="30"/>
						<String ID="P1_ST01578" HPOS="598" VPOS="3983" WIDTH="98" HEIGHT="38" CONTENT="Page" WC="0.98" CC="2070"/>
						<SP ID="P1_SP01268" HPOS="696" VPOS="4020" WIDTH="28"/>
						<String ID="P1_ST01579" HPOS="724" VPOS="3986" WIDTH="16" HEIGHT="30" CONTENT="3" WC="0.41" CC="5"/>
					</TextLine>
				</TextBlock>
				<TextBlock ID="P1_TB00043" HPOS="989" VPOS="3964" WIDTH="869" HEIGHT="49" language="en" STYLEREFS="TXT_9 PAR_LEFT">
					<TextLine ID="P1_TL00308" HPOS="1194" VPOS="3972" WIDTH="458" HEIGHT="41">
						<String ID="P1_ST01580" HPOS="1194" VPOS="3972" WIDTH="211" HEIGHT="35" CONTENT="Continued" WC="0.98" CC="058165857"/>
						<SP ID="P1_SP01269" HPOS="1405" VPOS="4006" WIDTH="27"/>
						<String ID="P1_ST01581" HPOS="1431" VPOS="3984" WIDTH="47" HEIGHT="24" CONTENT="on" WC="0.56" CC="35"/>
						<SP ID="P1_SP01270" HPOS="1479" VPOS="4008" WIDTH="28"/>
						<String ID="P1_ST01582" HPOS="1507" VPOS="3973" WIDTH="101" HEIGHT="39" CONTENT="Page" WC="0.96" CC="6650"/>
						<SP ID="P1_SP01271" HPOS="1608" VPOS="4013" WIDTH="27"/>
						<String ID="P1_ST01583" HPOS="1635" VPOS="3978" WIDTH="17" HEIGHT="27" CONTENT="3" WC="1.00" CC="9"/>
					</TextLine>
				</TextBlock>
				<TextBlock ID="P1_TB00044" HPOS="1858" VPOS="5894" WIDTH="914" HEIGHT="43" language="en" STYLEREFS="TXT_6 PAR_RIGHT">
					<TextLine ID="P1_TL00309" HPOS="2080" VPOS="5894" WIDTH="692" HEIGHT="41">
						<String ID="P1_ST01584" HPOS="2080" VPOS="5894" WIDTH="209" HEIGHT="30" CONTENT="Continued" WC="0.98" CC="088407501"/>
						<SP ID="P1_SP01272" HPOS="2290" VPOS="5924" WIDTH="25"/>
						<String ID="P1_ST01585" HPOS="2315" VPOS="5904" WIDTH="49" HEIGHT="22" CONTENT="on" WC="0.52" CC="09"/>
						<SP ID="P1_SP01273" HPOS="2364" VPOS="5926" WIDTH="28"/>
						<String ID="P1_ST01586" HPOS="2392" VPOS="5894" WIDTH="99" HEIGHT="41" CONTENT="Page" WC="0.99" CC="0050"/>
						<SP ID="P1_SP01274" HPOS="2491" VPOS="5935" WIDTH="27"/>
						<String ID="P1_ST01587" HPOS="2518" VPOS="5898" WIDTH="17" HEIGHT="30" CONTENT="3" WC="0.77" CC="2"/>
						<SP ID="P1_SP01275" HPOS="2535" VPOS="5935" WIDTH="233"/>
						<String ID="P1_ST01588" HPOS="2769" VPOS="5894" WIDTH="3" HEIGHT="41" CONTENT="1" WC="1.00" CC="0"/>
					</TextLine>
				</TextBlock>
				<TextBlock ID="P1_TB00045" HPOS="3011" VPOS="3976" WIDTH="457" HEIGHT="45" language="en" STYLEREFS="TXT_6 PAR_RIGHT">
					<TextLine ID="P1_TL00310" HPOS="3011" VPOS="3978" WIDTH="457" HEIGHT="43">
						<String ID="P1_ST01589" HPOS="3011" VPOS="3978" WIDTH="209" HEIGHT="38" CONTENT="Continued" WC="0.98" CC="258777671"/>
						<SP ID="P1_SP01276" HPOS="3220" VPOS="4016" WIDTH="27"/>
						<String ID="P1_ST01590" HPOS="3247" VPOS="3994" WIDTH="47" HEIGHT="22" CONTENT="on" WC="0.60" CC="07"/>
						<SP ID="P1_SP01277" HPOS="3294" VPOS="4016" WIDTH="30"/>
						<String ID="P1_ST01591" HPOS="3324" VPOS="3983" WIDTH="98" HEIGHT="38" CONTENT="Page" WC="0.95" CC="4594"/>
						<SP ID="P1_SP01278" HPOS="3422" VPOS="4020" WIDTH="27"/>
						<String ID="P1_ST01592" HPOS="3449" VPOS="3986" WIDTH="19" HEIGHT="30" CONTENT="3" WC="0.28" CC="7"/>
					</TextLine>
				</TextBlock>
			</PrintSpace>
		</Page>
	</Layout>
</alto>
