2764 4067
90 126 444 99 Boaters
870 123 211 99 Can
1082 123 116 102 Win
1199 126 70 96 It
1270 126 358 118 Again

713 262 34 31 by
765 262 93 25 Steve
876 262 139 27 Schwarz

200 296 66 26 Last
280 304 65 25 year
360 295 87 27 coach
463 295 66 26 Cliff
545 296 168 27 Stevenson’s
731 306 92 17 soccer
838 302 74 21 team
926 298 129 26 achieved
1069 306 36 18 an
1119 298 112 27 all-time
1246 298 91 27 “first”
1352 299 44 26 for
1409 300 100 25 Brown
1524 299 120 26 athletics

86 333 35 33 by
136 332 92 33 taking
244 339 16 18 a
276 332 77 25 share
368 331 30 26 of
414 339 34 17 an
463 331 48 33 Ivy
526 332 109 33 League
649 332 65 32 title,
732 333 53 26 and
800 334 63 26 with
885 341 145 19 numerous
1052 335 137 33 returning
1209 339 122 22 veterans
1352 335 61 34 plus
1434 343 34 18 an
1488 335 156 34 impressive

86 376 85 26 group
188 368 29 26 of
232 367 177 33 sophomores
425 367 148 26 Stevenson
587 368 66 26 feels
667 368 21 26 it
702 377 62 25 may
778 369 54 34 just
846 370 109 33 happen
969 370 86 33 again.

200 403 80 27 After
293 410 64 19 over
369 407 53 22 two
434 403 98 32 weeks,
547 403 28 27 of
587 403 215 28 double-session
815 406 140 33 practices,
970 406 53 26 and
1035 414 52 19 one
1101 407 158 33 scrimmage
1272 407 102 33 against
1385 407 45 26 the
1444 407 84 26 Coast
1541 407 103 31 Guard,

86 441 148 26 Stevenson
248 440 22 26 is
285 438 149 35 impressed
447 438 65 26 with
526 439 43 26 the
583 440 94 26 team’s
691 448 123 26 progress
828 442 57 26 and
900 442 22 26 is
938 442 143 34 especially
1096 442 110 34 pleased
1221 443 63 26 with
1300 443 45 27 the
1362 443 77 33 rapid
1455 443 189 33 development

86 476 29 27 of
129 476 45 27 the
190 475 176 35 sophomores
383 482 36 19 on
434 474 45 27 the
495 475 93 34 squad.

202 513 61 25 One
280 511 30 26 of
326 511 44 26 the
387 511 46 33 big
450 511 124 33 question
590 511 92 27 marks
698 512 30 27 of
744 513 52 26 this
813 514 88 32 year’s
916 518 73 22 team
1004 514 21 26 is
1041 515 53 25 Bill
1109 514 105 27 Hooks.
1231 514 105 32 Hooks,
1355 515 96 33 all-Ivy
1467 523 29 18 as
1513 523 16 18 a
1545 515 82 33 sopho-

86 557 76 18 more
178 548 54 27 and
247 547 107 34 equally
369 546 73 34 good
456 547 51 26 last
522 555 65 26 year
602 548 102 33 despite
721 557 15 18 a
751 548 69 27 knee
835 550 89 33 injury
939 550 89 26 which
1043 550 52 26 still
1109 550 108 26 bothers
1232 550 65 31 him,
1312 550 49 26 has
1376 551 70 25 been
1460 551 122 33 working
1596 554 47 23 out

613 584 64 26 with
690 584 46 26 the
750 588 71 22 team
835 585 48 26 but
898 586 147 26 Stevenson
1060 586 58 26 said
1131 586 76 26 there
1220 586 22 26 is
1258 586 63 33 only
1336 594 16 18 a
1368 586 86 26 50-50
1469 586 102 26 chance
1585 586 58 26 that

614 619 33 26 he
660 620 53 25 will
725 621 62 33 play
801 621 27 25 in
840 621 44 26 the
900 629 95 18 season
1009 629 100 25 opener
1123 621 102 33 against
1238 622 150 32 Wesleyan.
1404 622 148 27 Stevenson
1564 622 78 34 plans

613 659 27 23 to
656 664 48 18 use
719 656 98 28 Hooks
833 661 26 22 at
874 657 229 31 center-forward,
1122 657 57 26 “his
1195 657 60 26 best
1270 657 144 33 position,”
1430 658 105 26 instead
1552 658 30 26 of
1597 658 45 26 the

613 692 167 33 right-inside
797 693 119 33 position
933 692 34 26 he
984 692 49 26 has
1051 692 99 34 played
1166 693 160 33 previously.
1347 693 25 25 If
1389 694 96 26 Hooks
1503 694 23 26 is
1543 694 100 26 unable

614 732 26 21 to
655 728 71 33 play,
742 729 148 25 Stevenson
903 729 54 25 will
972 736 48 18 use
1035 728 165 33 sophomore
1215 728 74 34 Gary
1303 729 146 32 Kaufman,
1465 730 61 26 who
1542 730 100 26 looked

611 772 63 25 very
692 764 72 33 good
783 764 103 33 against
903 764 45 26 the
966 764 84 26 Coast
1069 764 101 26 Guard.

689 800 126 33 Heading
828 800 44 26 the
888 804 91 29 strong
992 800 100 25 Brown
1106 800 109 26 defense
1229 800 52 26 this
1295 808 64 25 year
1371 801 54 25 will
1439 802 35 26 be
1488 802 153 33 co-captain

613 835 54 25 and
684 839 91 22 center
792 835 129 26 halfback
938 835 60 26 Phil
1016 835 131 26 Solomita
1164 835 63 27 who
1244 844 54 18 was
1318 844 35 19 an
1373 837 200 32 all-American,
1594 838 47 25 all-

613 870 67 25 New
696 871 125 32 England
838 871 53 25 and
909 871 96 32 all-Ivy
1023 871 128 26 selection
1168 871 50 26 last
1234 879 71 25 year.
1324 873 148 26 Stevenson
1490 873 58 26 said
1566 873 60 26 Solo-

613 906 66 25 mita
693 906 54 25 will
761 906 132 33 probably
907 910 73 22 team
994 914 37 25 up
1046 906 64 26 with
1125 908 154 33 co-captain
1294 908 72 26 John
1380 908 102 33 Myslik
1499 909 53 26 and
1568 909 73 33 Gary

614 941 145 33 Garriques
775 942 27 25 in
817 941 45 26 the
877 941 127 27 halfback
1020 943 71 26 slots.

689 978 38 25 At
743 977 120 26 fullback
880 982 110 22 veteran
1006 978 90 26 Frank
1113 979 133 33 Forsberg
1263 979 21 26 is
1303 979 136 34 returning
1456 988 37 18 on
1510 980 46 26 the
1573 979 70 34 right

614 1012 55 26 side
686 1013 54 25 and
754 1013 75 26 there
844 1014 24 26 is
884 1022 74 18 some
973 1014 177 33 competition
1166 1015 80 33 going
1262 1023 36 18 on
1313 1015 44 26 for
1373 1016 44 25 the
1433 1016 78 26 other
1528 1016 51 26 slot
1594 1016 34 26 be-

613 1051 85 23 tween
712 1049 71 26 John
796 1049 126 33 Krupski,
939 1050 86 33 Gerry
1039 1050 101 33 Lynch,
1157 1051 52 25 and
1223 1051 70 26 Tom
1307 1051 137 26 Niederer.
1460 1052 95 26 Senior
1568 1052 73 26 Alan

1139 1088 94 26 Walsh,
1248 1089 93 26 all-Ivy
1354 1089 51 22 last
1419 1095 68 21 year,
1501 1089 54 22 will
1568 1089 75 27 again

1137 1119 31 23 be
1184 1120 26 21 in
1225 1120 43 22 the
1283 1121 94 21 Brown
1391 1121 65 26 goal.

1168 1151 130 27 Although
1315 1152 110 27 perhaps
1443 1154 46 21 not
1507 1159 28 16 as
1553 1154 90 26 strong

1137 1183 153 27 offensively
1306 1191 28 15 as
1352 1185 51 21 last
1420 1191 63 20 year
1499 1185 143 22 Stevenson

1135 1215 47 23 has
1200 1222 28 16 so
1244 1222 79 21 many
1339 1217 132 26 prospects
1488 1222 93 22 among
1597 1217 45 22 the

1136 1247 125 23 forwards
1278 1249 58 21 that
1351 1249 32 22 he
1399 1255 59 21 says
1473 1250 32 21 he
1520 1255 61 21 may
1595 1255 46 16 use

1135 1280 51 21 two
1200 1280 69 22 units
1282 1280 26 22 in
1322 1281 43 22 the
1378 1280 93 24 middle
1484 1281 27 21 of
1523 1281 44 23 the
1581 1281 57 22 line.

1134 1311 145 27 Especially
1304 1312 146 26 prominent
1476 1318 93 21 among
1595 1313 45 22 the

1133 1344 94 21 insides
1245 1350 45 16 are
1305 1345 120 21 veterans
1443 1345 56 21 Phil
1516 1345 122 22 McGuire

1134 1377 50 21 and
1201 1376 54 22 Bob
1273 1376 202 27 Higginbottom,
1496 1378 50 21 and
1564 1377 60 26 soph-

1132 1413 98 16 omores
1266 1408 83 26 Gerry
1382 1408 172 23 Zimmerman
1588 1410 50 21 and

1130 1439 59 22 Dan
1209 1439 130 23 Umanoff.

1162 1471 143 22 Stevenson
1325 1478 59 20 says
1403 1472 33 22 he
1454 1472 51 23 will
1525 1472 77 22 know
1621 1479 15 15 a

1130 1502 68 23 little
1221 1509 72 17 more
1316 1504 79 22 about
1417 1504 58 21 how
1497 1505 44 21 the
1566 1506 70 20 team

1130 1535 51 21 will
1193 1535 79 26 shape
1285 1541 33 21 up
1332 1535 70 23 after
1413 1537 44 21 the
1471 1537 94 21 annual
1578 1542 42 21 pre-

1129 1572 91 16 season
1236 1568 152 26 scrimmage
1403 1568 64 22 with
1482 1568 109 27 Adelphi
1607 1569 28 21 to

1128 1598 32 22 be
1177 1598 58 22 held
1254 1605 32 16 on
1303 1599 72 27 Long
1393 1600 85 22 Island
1497 1600 136 27 Saturday.

1127 1630 40 22 He
1183 1631 78 22 noted
1277 1631 58 22 that
1351 1632 44 21 the
1412 1633 70 20 team
1496 1632 53 22 will
1565 1633 68 21 start

1127 1661 39 22 off
1188 1662 45 23 the
1255 1669 91 16 season
1369 1663 64 22 with
1455 1664 74 22 three
1553 1664 79 26 tough

1126 1699 87 20 games
1225 1695 103 26 against
1341 1695 142 26 Wesleyan,
1497 1697 72 21 Penn
1582 1697 50 21 and

1125 1725 132 23 Williams.
1269 1727 54 22 The
1335 1727 74 22 home
1421 1733 95 21 opener
1529 1728 102 26 against

1125 1757 71 22 Penn
1212 1764 32 15 on
1260 1758 112 22 October
1386 1759 45 23 3rd
1446 1760 51 21 will
1513 1760 31 22 be
1560 1766 56 20 espe-

1125 1789 76 28 cially
1215 1790 141 26 important
1370 1791 69 22 since
1454 1792 43 21 the
1512 1791 117 26 Quakers

1125 1827 44 16 are
1195 1822 58 22 “the
1278 1823 70 21 team
1372 1824 28 21 to
1424 1823 82 26 beat,”
1534 1824 26 21 in
1585 1824 44 21 the

1124 1853 96 27 league,
1238 1854 135 26 according
1389 1856 27 20 to
1432 1855 150 23 Stevenson.

176 1413 84 20 Coach
277 1413 62 20 Cliff
356 1413 140 20 Stevenson

236 2188 68 20 Alan
320 2188 86 20 Walsh

755 1933 58 21 Phil
831 1933 123 21 Solomita

1867 132 95 66 Fall
2004 140 189 70 Sports
2233 134 275 66 Schedule

1755 236 146 22 VARSITY
1917 236 180 21 FOOTBALL

1690 265 74 19 Coach:
1781 266 51 21 John
1845 265 17 21 J.
1877 265 124 21 McLaughry

1691 288 139 21 Co-Captains:
1850 288 64 20 Ralph
1930 287 80 21 Duerre,
2029 286 51 21 John
2097 286 58 21 Parry

1690 310 103 21 Manager:
1809 309 22 18 C.
1847 309 66 17 Edwin
1927 309 109 20 Goldkamp

1691 333 52 19 Sept.
1758 331 23 18 26
1805 331 150 18 LAFAYETTE
2108 329 47 18 2:00

1690 354 44 17 Oct.
1769 354 10 17 3
1804 352 201 18 PENNSYLVANIA
2108 350 47 18 2:00

1692 375 44 18 Oct.
1760 375 21 17 10
1804 378 21 14 at
1836 375 47 17 Yale
2108 372 47 18 2:00

1692 397 44 18 Oct.
1760 396 20 18 17
1805 400 20 13 at
1837 396 118 17 Dartmouth
2108 394 47 18 2:00

1690 419 45 17 Oct.
1757 418 23 18 24
1804 418 93 17 RHODE
1911 417 96 18 ISLAND
2108 415 47 19 2:00

1691 441 45 17 Oct.
1758 441 20 17 31
1805 439 165 17 PRINCETON*
2108 436 47 19 2:00

1690 462 49 17 Nov.
1770 462 9 17 7
1805 461 122 18 CORNELL
2109 458 45 18 1:30

1690 484 49 17 Nov.
1760 484 21 17 14
1804 486 20 14 at
1836 483 88 17 Harvard
2109 480 45 21 1:30

1690 506 49 17 Nov.
1757 505 20 18 21
1803 504 142 19 COLUMBIA
2108 502 45 17 1:30

1689 528 152 20 *Homecoming

1681 552 127 21 JUNIOR
1824 550 145 23 VARSITY
1985 547 181 24 FOOTBALL

1690 583 51 20 Sept.
1756 582 21 17 28
1803 580 129 21 HARVARD
2106 578 47 17 3:00

1690 604 44 17 Oct.
1767 603 10 17 5
1802 606 19 14 at
1834 603 92 20 Newport
2106 599 46 18 7:30

1689 625 44 18 Oct.
1758 625 21 17 19
1802 629 20 13 at
1835 623 127 18 Connecticut
2106 621 46 18 2:30

1689 647 48 17 Nov.
1767 646 10 18 2
1802 650 19 13 at
1835 646 85 21 Quonset
2104 643 47 18 2:30

1729 670 190 22 FRESHMAN
1934 667 183 23 FOOTBALL

1758 701 73 17 Coach:
1847 700 78 17 Charles
1937 699 25 17 D.
1976 698 104 18 Markham

1689 723 44 17 Oct.
1767 722 10 18 2
1802 726 19 13 at
1835 722 54 16 Dean
1901 721 28 21 Jr.
1944 720 42 18 Col.
2104 718 47 19 2:00

1689 744 43 18 Oct.
1765 744 12 17 9
1801 747 20 14 at
1832 744 46 17 Yale
2103 740 47 18 2:00

1688 766 44 18 Oct.
1756 766 21 17 16
1800 768 19 15 at
1833 764 117 18 Dartmouth
2104 761 46 19 2:00

1687 788 44 17 Oct.
1753 787 23 17 30
1800 787 104 17 BOSTON
1918 785 119 18 COLLEGE
2103 783 47 18 2:30

1687 810 49 17 Nov.
1766 809 11 18 6
1800 808 92 18 RHODE
1906 808 96 17 ISLAND
2104 804 46 18 1:30

1687 831 49 18 Nov.
1755 831 20 17 13
1800 834 19 14 at
1833 830 87 17 Harvard
2101 827 47 18 2:00

1773 855 145 21 VARSITY
1936 853 132 22 SOCCER

1687 885 73 17 Coach:
1777 884 82 18 Clifford
1872 884 103 17 Stevenson

1688 906 136 22 Co-Captains:
1843 905 51 21 John
1908 905 75 21 Myslik,
1999 904 41 18 Phil
2056 903 92 18 Solomita

1687 929 109 20 Managers:
1813 928 58 21 Barry
1883 928 68 21 Jaffee,
1965 927 41 17 Bob
2019 926 81 18 Skinner

1689 951 50 20 Sept.
1755 950 22 18 26
1800 954 19 12 at
1832 949 96 21 Wesleyan
2101 947 47 17 2:00

1687 972 45 17 Oct.
1765 971 10 18 3
1800 970 199 19 PENNSYLVANIA
2090 968 58 18 11:00

1688 994 44 17 Oct.
1767 993 9 17 7
1800 996 20 14 at
1832 992 91 18 Williams
2100 991 48 17 4:00

1688 1015 44 17 Oct.
1755 1015 21 17 10
1799 1018 20 14 at
1831 1014 47 17 Yale
2090 1012 56 18 12:00

1687 1036 45 17 Oct.
1755 1036 22 17 14
1800 1039 20 14 at
1831 1035 127 18 Connecticut
2100 1033 47 18 2:30

1687 1058 45 17 Oct.
1755 1057 20 17 17
1800 1060 19 14 at
1832 1057 116 17 Dartmouth
2090 1055 56 18 11:00

1688 1079 44 18 Oct.
1754 1079 22 17 24
1800 1079 92 17 RHODE
1907 1078 94 18 ISLAND
2089 1077 57 18 11:00

1687 1102 44 17 Oct.
1755 1101 21 17 28
1800 1100 172 18 SPRINGFIELD
2099 1099 47 17 2:30

1687 1123 44 17 Oct.
1753 1123 21 17 31
1800 1121 151 18 PRINCETON
2089 1121 57 17 11:00

1687 1144 48 17 Nov.
1765 1144 10 17 7
1800 1143 122 18 CORNELL
2089 1142 57 17 11:00

1686 1166 49 17 Nov.
1754 1165 20 17 14
1798 1168 21 14 at
1831 1165 87 17 Harvard
2089 1163 56 18 11:00

1685 1187 49 18 Nov.
1753 1187 19 18 21
1800 1186 139 18 COLUMBIA
2089 1185 56 18 11:00

1696 1211 126 21 JUNIOR
1843 1210 145 21 VARSITY
2010 1210 130 22 SOCCER

1687 1241 43 17 Oct.
1764 1241 10 17 5
1799 1244 20 14 at
1833 1240 54 17 Dean
1903 1239 27 21 Jr.
1947 1239 41 19 Col.
2099 1239 47 18 3:00

1685 1262 44 18 Oct.
1753 1263 21 16 14
1798 1261 173 18 BARRINGTON
2099 1260 47 18 3:30

1685 1285 44 17 Oct.
1753 1284 20 17 17
1798 1283 84 18 COAST
1895 1283 91 17 GUARD
2099 1282 46 18 2:30

1685 1305 44 18 Oct.
1751 1305 20 18 21
1797 1305 71 17 DEAN
1882 1305 35 20 JR.
1934 1304 58 18 COL.
2097 1304 47 17 3:00

1684 1328 48 17 Nov.
1752 1327 22 17 10
1798 1326 128 18 HARVARD
2097 1325 47 18 2:30

1683 1349 49 17 Nov.
1762 1349 10 17 5
1796 1348 141 17 LEICESTER
2097 1347 47 18 3:30

1684 1370 49 18 Nov.
1752 1370 20 18 12
1796 1373 21 14 at
1829 1370 87 17 Mitchell
2096 1366 47 21 2:30

1746 1393 190 22 FRESHMAN
1953 1393 131 22 SOCCER

1683 1424 51 20 Sept.
1748 1424 22 17 30
1794 1423 84 18 MOSES
1892 1422 96 19 BROWN
2095 1422 47 17 3:00

1683 1445 45 17 Oct.
1761 1445 12 17 9
1796 1448 19 14 at
1827 1445 46 17 Yale
2095 1444 47 17 3:00

1683 1467 44 17 Oct.
1751 1467 20 17 13
1797 1465 172 19 SPRINGFIELD
2095 1465 47 18 3:00

1683 1488 44 17 Oct.
1751 1488 21 17 16
1795 1490 20 15 at
1828 1487 111 21 Bridgeport
2095 1486 47 18 3:00

1683 1509 44 17 Oct.
1749 1509 20 17 21
1795 1512 19 14 at
1829 1509 68 17 Rhode
1911 1509 63 17 Island
2095 1508 46 18 2:30

1682 1531 45 17 Oct.
1749 1531 21 17 23
1795 1534 19 13 at
1827 1530 126 17 Connecticut
2094 1530 47 17 2:30

1682 1552 44 18 Oct.
1749 1552 21 18 27
1795 1552 138 18 WESLEYAN
2094 1552 46 16 3:00

1682 1574 48 17 Nov.
1761 1573 11 18 6
1795 1577 20 14 at
1826 1573 89 18 Andover
2096 1573 45 18 1:30

1682 1596 48 17 Nov.
1750 1595 19 17 11
1795 1599 19 13 at
1829 1596 26 17 St.
1871 1594 90 21 George’s
2093 1594 46 18 2:30

1682 1617 48 17 Nov.
1750 1617 19 17 13
1795 1617 127 17 HARVARD
2094 1616 46 18 2:30

1690 1641 144 20 VARSITY
1852 1641 105 21 CROSS
1974 1640 158 22 COUNTRY

1680 1670 73 21 Coach:
1769 1670 47 17 Ivan
1828 1670 66 21 Fuqua

1680 1692 136 21 Co-Captains:
1835 1692 36 17 Vic
1887 1692 57 21 Boog,
1961 1691 39 18 Bob
2016 1691 122 20 Rothenberg

1679 1714 100 20 Manager:
1798 1713 45 17 Pete
1857 1713 79 20 Keegan

1680 1735 43 18 Oct.
1758 1735 10 18 2
1791 1738 20 14 at
1823 1735 47 17 Yale
2090 1733 47 18 4:00

1680 1756 44 18 Oct.
1758 1756 11 17 9
1793 1756 127 17 HARVARD
2092 1755 47 18 4:30

1678 1778 44 17 Oct.
1747 1778 20 17 16
1791 1777 172 18 DARTMOUTH
2090 1777 47 17 4:30

1678 1800 43 17 Oct.
1744 1800 21 17 23
1790 1798 168 18 PROVIDENCE
1972 1799 58 18 COL.

1792 1822 15 16 &
1819 1820 91 18 RHODE
1924 1820 94 18 ISLAND
2089 1820 47 17 4:00

1676 1842 45 18 Oct.
1743 1842 22 18 30
1789 1846 20 13 at
1821 1842 95 17 Fordham
2088 1841 47 18 4:00

1678 1864 47 17 Nov.
1756 1864 11 17 6
1790 1864 53 20 Heps
1855 1867 20 14 at
1888 1864 47 17 New
1947 1863 52 18 York

2221 234 49 19 Nov,
2299 235 12 17 9
2334 235 48 18 New
2394 235 95 21 Englands

2337 261 20 13 at
2370 257 88 18 Franklin
2471 257 48 18 Park

2222 277 49 17 Nov.
2290 278 22 17 16
2335 278 73 18 IC4A’s
2420 283 20 13 at
2453 279 48 18 New
2512 279 53 18 York

2232 301 126 22 JUNIOR
2379 303 144 21 VARSITY
2546 304 131 21 SOCCER

2224 330 43 18 Oct.
2301 331 10 17 5
2336 334 20 14 at
2369 331 54 17 Dean
2436 332 28 20 Jr.
2479 332 41 18 Col.
2636 334 47 17 3:00

2223 351 44 18 Oct.
2291 352 21 17 14
2336 353 173 18 BARRINGTON
2636 356 47 17 3-30

2223 373 44 17 Oct.
2292 373 20 18 17
2337 374 84 17 COAST
2434 374 92 18 GUARD
2637 377 46 18 2:30

2224 394 43 18 Oct.
2290 395 21 17 21
2337 395 71 17 DEAN
2422 396 35 20 JR.
2473 396 58 19 COL.
2636 398 47 18 3:00

2223 416 50 17 Nov.
2302 417 11 16 5
2337 416 142 19 LEICESTER
2637 420 47 17 3:30

2223 438 48 17 Nov.
2292 438 21 17 10
2337 438 127 18 HARVARD
2636 441 48 18 2:30

2223 459 50 18 Nov.
2292 459 21 18 12
2337 463 21 14 at
2369 459 88 19 Mitchell
2638 463 46 17 2:30

2208 483 191 21 FRESHMAN
2417 485 105 22 CROSS
2541 486 160 22 COUNTRY

2323 513 74 18 Coach:
2414 513 46 19 Ivan
2473 515 28 18 W.
2516 515 66 21 Fuqua

2222 534 45 19 Oct.
2301 534 10 19 2
2336 538 20 15 at
2368 535 47 18 Yale
2637 538 47 17 4:30

2222 557 44 17 Oct.
2300 557 11 17 9
2336 557 128 17 HARVARD
2636 560 48 17 4:00

2221 578 45 17 Oct.
2289 578 22 18 16
2335 578 174 19 DARTMOUTH
2637 581 48 17 4:00

2220 600 45 18 Oct.
2288 600 21 18 23
2335 600 171 18 PROVIDENCE
2519 601 58 19 COL.

2338 623 15 16 &
2365 622 93 18 RHODE
2472 623 96 17 ISLAND
2637 623 48 19 3:30

2221 643 45 17 Oct.
2288 643 24 18 30
2335 647 21 14 at
2368 644 96 17 Fordham
2636 645 48 19 4:00

2219 665 50 17 Nov.
2299 665 12 17 9
2334 665 48 17 New
2394 665 96 21 Englands

2337 690 19 14 at
2370 687 89 18 Franklin
2473 687 48 18 Park

2219 708 49 17 Nov.
2288 708 22 18 16
2334 708 73 18 IC4A’s
2419 711 21 15 at
2452 709 49 17 New
2513 708 52 18 York

2196 729 81 18 NOTE:
2295 730 30 17 All
2341 730 93 18 members
2450 730 20 18 of
2485 731 31 17 the
2532 731 68 17 Brown
2615 731 76 18 Commu-

2196 751 40 21 nity
2251 757 36 12 can
2302 752 43 20 pick
2361 758 26 14 up
2403 752 51 17 their
2468 758 45 15 very
2527 758 43 12 own
2586 752 40 18 Fall
2641 753 65 20 Sports

2196 770 94 21 Schedule
2304 776 20 15 at
2339 774 32 18 the
2387 774 106 18 newsstand
2508 774 20 18 in
2544 774 77 18 Faunce
2635 774 69 18 House.

934 55 126 23 BROWN
1076 56 105 22 DAILY
1196 56 146 28 HERALD,
1360 57 134 27 FRIDAY,
1513 57 205 23 SEPTEMBER
1734 57 37 27 18,
1791 57 60 22 1964

2640 62 63 22 5

246 2281 148 49 HEY!

90 2348 41 27 for
160 2349 75 28 those
265 2350 29 27 of
322 2362 49 25 you
401 2352 81 27 whom
512 2363 37 17 we

90 2384 83 28 didn't
186 2390 69 23 meet
268 2386 47 27 last
328 2387 72 34 night
456 2388 93 27 there's

89 2420 45 27 still
158 2421 87 36 plenty
267 2422 29 27 of
317 2434 71 16 room
412 2423 46 27 left
480 2423 68 28 here.

88 2456 68 35 Why
171 2461 45 23 not
229 2461 60 32 stop
305 2469 33 25 up
352 2461 135 25 sometime
500 2460 48 26 this

87 2493 122 26 weekend
225 2494 38 35 (or
277 2498 28 23 at
320 2505 45 16 our
378 2495 99 27 smoker
491 2499 57 23 next

87 2528 178 36 Wednesday)
279 2529 50 28 and
343 2541 45 25 say
402 2530 81 28 hello?
496 2531 51 27 We

87 2568 67 22 want
173 2568 28 23 to
223 2569 70 23 meet
312 2576 58 25 you.
391 2566 39 27 Of
449 2577 96 20 course,

87 2609 49 25 you
160 2600 75 27 could
260 2601 90 36 always
374 2602 70 27 listen
468 2606 28 23 to
521 2613 25 16 us

87 2656 6 6 .
108 2656 6 6 .
129 2656 7 7 .
150 2637 50 26 560
216 2638 21 25 in
252 2637 44 26 the
310 2637 76 28 West
400 2638 50 27 and
465 2639 65 26 Wris-

86 2674 45 24 ton
158 2672 82 35 quads
267 2673 50 27 and
345 2677 28 23 at
399 2673 146 32 Pembroke,

86 2709 50 25 670
157 2709 21 25 in
200 2708 138 34 Hegeman
358 2709 50 27 and
430 2710 115 27 Caswell.

86 2744 15 25 7
114 2753 59 16 a.m.
184 2753 6 3 ■
200 2745 15 25 2
230 2755 59 17 a.m.

209 2808 210 38 WBRU

213 2866 65 32 560
349 2867 65 31 670

104 2906 124 28 Brown's
255 2908 154 34 Complete
437 2909 89 27 Radio

254 2944 120 26 Service

734 2027 236 48 Students

664 2112 144 32 CHECK
828 2112 93 33 THIS
944 2113 95 32 LIST!

620 2189 17 19 ®
657 2182 42 33 Art
710 2182 123 40 Supplies

619 2247 18 18 •
657 2239 69 33 Slide
744 2240 145 33 Rules—all
905 2242 77 38 types

618 2303 18 18 •
657 2296 116 40 Drawing
792 2297 93 33 Tables
906 2297 51 32 and
980 2296 98 33 Boards

617 2360 18 19 •
657 2353 108 33 Bulletin
784 2354 97 32 Boards

615 2417 19 18 •
655 2410 186 33 EVERRTHING
860 2411 40 32 for
919 2410 156 38 DRAFTING,

650 2467 138 33 DRAWING
805 2467 51 33 and
874 2467 142 34 PAINTING

625 2531 73 26 Look
716 2531 47 27 for
782 2539 52 19 our
851 2531 81 27 TWO
951 2531 113 36 display

773 2581 139 27 windows

745 2635 92 19 LOWEST
855 2636 83 18 PRICES!

709 2663 102 19 STUDENT
832 2664 141 19 DISCOUNTS!

751 2692 77 18 AMPLE
846 2692 83 19 STOCK!

734 2720 65 19 HUGE
815 2720 132 19 SELECTION!

662 2774 140 48 BLOCK
840 2774 182 47 ARTISTS

677 2845 228 32 MATERIALS
929 2845 74 33 CO.

610 2894 34 33 76
660 2894 151 40 Weybosset
827 2894 37 33 St.
918 2894 38 32 DE
975 2894 94 33 1-3150

688 2955 59 23 (Next
762 2958 20 16 to
797 2955 123 23 Weybosset
934 2955 58 23 Mkt.)

172 3060 384 81 FERRANTI

172 3151 379 79 &TEICHER

598 3131 55 19 PLAY
666 3131 41 19 THE
721 3130 62 20 MOST
796 3130 137 23 SPARKLING,
947 3130 61 19 MOST

597 3159 169 18 EXHILARATING
778 3158 126 19 RENDITION
916 3158 55 19 EVER
983 3158 25 19 OF

597 3186 40 19 THE
656 3186 67 19 MUSIC
744 3186 56 19 FROM
820 3186 39 20 THE
879 3186 117 19 SOON-TO-BE-

597 3214 101 18 RELEASED
713 3214 56 19 FILM.

263 3248 64 29 Flni

426 3248 30 21 m

465 3248 51 16 'mn

594 3250 43 20 This
648 3251 61 19 album
721 3251 20 20 of
751 3251 32 20 the
794 3251 88 20 fabulous
894 3251 65 20 Lerner
971 3251 34 20 and

594 3278 63 19 Loewe
671 3283 55 14 score
740 3278 49 20 finds
804 3279 85 19 Ferrante
904 3280 13 18 &
929 3279 77 18 Teicher

594 3306 20 18 at
624 3305 32 19 the
666 3310 44 18 very
721 3306 46 22 peak
779 3306 20 19 of
808 3306 49 19 their
869 3306 136 22 performance!

597 3332 15 19 If
622 3332 64 23 you’re
699 3337 22 14 an
735 3333 38 18 F&T
784 3333 37 23 fan,
834 3337 34 19 you
882 3333 45 18 have
940 3334 19 18 to
972 3334 34 18 add

593 3359 40 20 this
646 3360 20 19 to
679 3364 45 18 your
738 3360 109 19 collection.
863 3360 14 19 If
890 3360 63 23 you’re
968 3361 38 23 not,

593 3388 33 22 get
636 3387 20 19 it.
667 3387 15 19 It
690 3387 36 20 will
736 3388 52 19 make
797 3392 35 18 you
843 3388 114 19 understand
967 3388 39 22 why

595 3414 85 19 Ferrante
692 3415 14 18 &
715 3414 77 19 Teicher
803 3419 31 15 are
846 3419 22 15 on
879 3415 48 19 their
937 3419 38 19 way
986 3415 19 19 to

595 3441 99 23 becoming
703 3445 9 15 a
722 3442 56 22 living
788 3442 73 22 legend.

596 3474 88 17 Available
694 3475 17 16 in
721 3475 60 16 stereo
792 3478 19 14 or
820 3475 88 17 monaural
918 3475 19 18 at
945 3475 61 18 record

597 3499 59 16 stores
669 3498 118 21 everywhere.

753 3680 20 19 of
781 3684 67 15 course

138 3772 24 26 A
184 3774 146 33 complete
350 3772 141 28 selection
512 3772 32 26 of
564 3772 139 26 Ferrante
723 3772 23 26 &
766 3770 118 27 Teicher
905 3769 102 27 United

176 3816 110 27 Artists
308 3817 111 26 albums
441 3815 147 27 available
610 3816 33 25 at
664 3814 133 27 discount
817 3814 97 35 prices
936 3815 33 25 at

328 3873 61 46 X
390 3877 92 41 aJJ’s
499 3871 148 46 <yVlusic
668 3870 145 45 Chenier

404 3950 135 26 THAYER
555 3950 44 26 AT
614 3949 127 27 ANGELL

1294 2030 429 95 Alfredo’s

1460 2158 526 74 Restaurant

1209 2281 230 43 Specializing
1460 2283 36 32 in
1517 2283 127 33 Italian
1668 2284 28 33 &
1720 2284 187 33 American
1930 2284 139 33 Cuisine

1371 2346 132 34 Orders
1526 2349 64 38 put
1611 2357 47 30 up
1681 2349 37 32 to
1740 2348 83 33 take
1846 2350 61 32 out

1351 2432 127 33 OPEN
1502 2433 38 31 11
1564 2432 90 33 A.M.
1677 2435 38 30 to
1737 2434 78 32 9:00
1837 2434 88 32 P.M.

1353 2495 160 39 Sundays
1537 2497 98 32 12:00
1659 2496 51 33 ’til
1733 2497 77 33 9:00
1833 2498 87 32 P.M.

1204 2579 61 32 280
1289 2579 138 41 Thayer
1440 2580 117 33 Street

1907 2583 160 32 621-5397

1119 2639 1036 27 3iiiiiDiiiiiiiiiiiiDiimifiiiiiDimiiiiiiiiniimiimiinmiiiiiiiiiniiEEiimmDiiiiiimiiinigii*

1131 2734 101 36 WHERE
1250 2737 107 36 BROWN
1376 2740 120 35 BANKS..
1501 2748 57 28 .238
1570 2749 86 34 Thayer
1667 2749 80 29 Street
1759 2750 86 28 Corner
1854 2751 80 34 Angeli
1954 2724 7 53 I
1968 2758 94 19 Hospital
2068 2759 63 19 Trust

2004 2784 96 19 Company

1920 3045 28 53 0

1418 3493 33 27 m

1134 3930 19 10 ~
1183 3901 31 34 A
1230 3901 151 34 Check
1383 3906 97 32 Master
1494 3906 164 44 checking
1673 3914 145 31 account
1832 3912 31 34 is
1876 3913 74 41 just
1964 3914 95 35 what

1182 3951 21 34 I
1216 3951 85 34 need
1317 3954 33 32 to
1365 3963 70 33 pay
1449 3954 60 42 for
1524 3966 59 33 my
1600 3956 82 35 hear
1698 3961 179 33 essentials
1885 3963 15 12 ”

2283 879 332 49 SUBSCRIBE

2325 985 89 48 TO
2460 985 114 48 THE

2322 1091 252 48 HERALD

2203 1276 151 38 DAILY
2386 1277 301 38 NEWSPAPER

2239 1381 86 37 THE
2358 1381 291 40 UNIVERSITY

2385 1489 28 21 *

2573 1554 40 16 IHml

2362 1708 15 24 8

2259 2283 65 32 285
2348 2284 127 32 THAYER
2498 2286 112 31 STREET

2213 2353 214 37 PROVIDENCE,
2449 2356 31 31 R.
2503 2357 19 32 I.
2545 2357 110 33 02906

2229 2451 185 51 Telephone
2437 2455 211 49 421-1299

2303 2595 46 63 A
2404 2597 168 67 NEW

2242 2719 234 69 SOURCE
2516 2727 117 66 FOR

2270 2849 208 69 BOOKS
2516 2854 92 66 ON

2204 2976 170 66 YOUR
2399 2978 270 69 READING

2379 3105 119 67 LIST

2247 3240 92 39 Come
2380 3243 28 38 in
2449 3246 59 37 and
2550 3246 119 39 Browse

2204 3311 137 48 Through
2357 3324 54 28 our
2425 3315 117 39 Mosaic
2556 3318 32 37 of
2602 3318 68 38 Fine

2206 3382 172 47 Paperback
2395 3386 100 39 Books
2511 3388 28 38 in
2554 3399 17 27 a
2588 3399 60 28 com-

2206 3454 80 46 plete
2300 3466 91 36 range
2403 3457 33 38 of
2447 3458 147 46 subjects.

2248 3591 170 34 Selected
2443 3594 225 33 Clothbound

2206 3654 111 33 Books
2358 3658 71 31 and
2469 3658 176 41 Reproduc-

2205 3719 93 32 tions
2323 3720 40 32 of
2386 3721 117 33 Great
2526 3723 138 31 Master

2204 3782 181 41 Drawings
2387 3809 9 8 .

2203 3888 119 32 Hours;
2341 3888 20 32 9
2378 3898 75 22 a.m.
2470 3892 34 28 to
2524 3888 39 32 10
2580 3899 75 26 p.m.
