2764 4067
972 73 843 171 BROWN
1843 73 137 171 DAILY
2008 73 165 171 HERALD

163 181 122 23 Founded
301 182 26 22 in
344 181 70 26 1866;

179 235 71 23 First
266 235 136 23 Published

148 289 35 23 As
200 296 17 16 a
235 289 76 27 Daily
328 289 27 22 in
372 289 60 22 1891

2403 214 169 22 WEATHER

2368 281 60 19 FAIR
2439 283 39 17 and
2489 282 116 18 WARMER

77 447 55 22 Vol.
149 448 87 25 XCIV,
255 448 47 21 No.
320 447 15 21 2
424 447 77 18 ©1964
511 453 44 12 THE
568 454 81 13 BROWN
664 455 65 13 DAILY
742 456 88 12 HERALD

976 449 226 29 PROVIDENCE,
1218 451 29 23 R.
1264 451 26 27 1.,
1307 451 133 27 FRIDAY,
1459 451 203 23 SEPTEMBER
1679 451 35 27 18,
1733 451 61 22 1964

2017 460 42 13 ALL
2072 460 80 12 RIGHTS
2167 460 116 12 RESERVED

2430 451 74 22 Price
2519 451 84 23 Seven
2620 452 76 22 Cents

81 524 251 75 Pfautz
348 521 389 80 Appointed
753 524 311 61 Director

143 627 98 76 Of
266 626 436 80 Cooperative
729 629 325 78 Program

198 733 167 61 With
403 733 397 79 Mississippi
839 736 264 76 College

156 827 106 27 Harold
275 829 41 25 W.
332 827 96 27 Pfautz
442 828 54 32 ’4O,
511 829 138 33 professor
662 830 30 25 of
706 830 144 33 sociology,
865 830 48 27 has
928 830 70 27 been
1011 831 100 26 named

78 864 116 26 director
217 864 30 26 of
268 863 47 27 the
337 864 176 33 University’s
537 865 171 33 cooperative
731 874 126 26 program
880 867 64 26 with
968 867 142 33 Tougaloo

80 900 109 33 College
203 900 28 26 in
245 900 172 33 Mississippi.

151 936 111 33 Among
273 935 44 26 the
329 935 146 34 objectives
486 935 30 26 of
525 935 45 27 the
581 936 104 34 project
697 945 44 19 are
753 938 148 33 expansion
913 938 53 26 and
979 938 115 34 strength-

76 971 80 34 ening
172 971 29 26 of
217 971 44 27 the
278 971 140 33 Tougaloo
435 971 109 34 faculty,
563 972 188 34 development
767 974 30 26 of
813 982 15 18 a
847 982 117 19 summer
981 975 129 26 remedial

76 1015 126 26 program
219 1008 44 26 for
280 1007 205 34 pre-freshmen,
506 1008 166 26 enrichment
689 1010 29 25 of
736 1017 16 18 a
769 1010 108 26 tutorial
896 1014 98 30 system
1011 1010 59 27 that
1087 1011 22 26 is

76 1043 109 33 already
202 1044 28 25 in
247 1044 142 32 operation
406 1047 27 22 at
450 1044 149 33 Tougaloo,
619 1044 54 26 and
689 1046 137 32 provision
844 1046 29 26 of
892 1054 16 18 a
924 1046 139 33 fifth-year
1080 1046 30 27 of

78 1079 77 33 study
179 1083 26 22 at
226 1080 101 25 Brown
348 1079 43 26 for
414 1079 140 34 Tougaloo
577 1080 152 33 alumni/ae
751 1082 143 32 preparing
915 1082 45 27 for
981 1082 130 32 graduate

75 1115 101 26 school.

153 1150 96 27 Pfautz
264 1150 55 26 will
336 1150 97 27 devote
449 1150 49 27 full
514 1151 65 26 time
596 1151 96 34 during
707 1152 45 26 the
769 1161 60 18 new
847 1153 137 27 academic
1000 1161 64 26 year
1081 1157 29 23 to

76 1186 187 33 coordinating
279 1185 53 26 and
347 1186 141 34 executing
503 1187 73 26 these
591 1196 147 24 programs.

112 1223 39 21 He
169 1223 52 21 will
239 1223 79 25 spend
334 1224 68 21 most
419 1223 28 22 of
465 1224 43 21 the
527 1223 58 22 first

81 1255 125 22 semester
221 1256 28 21 at
264 1254 136 28 Tougaloo,
416 1255 82 22 which
513 1255 21 23 is
550 1256 24 22 lo-

81 1287 74 21 cated
169 1285 54 27 just
238 1287 78 24 north
331 1287 27 21 of
372 1287 112 22 Jackson
500 1287 50 23 and
564 1287 21 23 is

81 1318 44 23 the
144 1318 60 27 only
221 1318 101 27 private
341 1318 87 27 Negro
445 1319 96 27 college
560 1319 25 22 in

80 1350 159 27 Mississippi.

111 1383 47 22 His
185 1384 69 20 most
282 1384 89 21 recent
398 1383 61 22 visit
487 1384 26 21 to
542 1383 43 22 the

80 1415 122 22 southern
216 1421 104 20 campus
335 1415 83 27 began
432 1415 69 27 Sept.
517 1415 20 22 9.

111 1447 54 22 The
189 1447 178 26 appointment
390 1447 26 21 of
440 1447 92 22 Pfautz
557 1453 28 16 as

79 1478 100 27 project
217 1479 113 22 director
366 1485 53 16 was
456 1480 129 26 approved

80 1511 72 26 early
169 1511 26 21 in
214 1511 44 22 the
277 1517 112 16 summer
406 1511 34 26 by
458 1511 43 23 the
520 1511 49 22 Tou-

79 1543 74 26 galoo
173 1544 112 21 trustees
306 1544 50 21 and
377 1543 208 24 administration

80 1576 70 21 after
169 1576 33 21 he
221 1576 51 21 had
292 1575 64 22 been
376 1575 149 22 nominated
545 1575 40 22 for

80 1607 43 23 the
138 1608 59 25 post
212 1607 34 26 by
261 1608 94 21 Brown
371 1607 135 23 President
521 1608 48 21 Bar-

80 1640 68 26 naby
162 1639 26 22 C.
203 1640 112 26 Keeney.

110 1671 55 22 One
191 1671 27 22 of
242 1671 101 22 Pfautz’
369 1671 68 22 chief
462 1677 121 15 concerns

78 1703 52 22 will
151 1704 31 21 be
205 1703 133 27 obtaining
359 1703 44 22 the
426 1703 109 22 services
558 1702 26 22 of

79 1735 126 22 members
219 1735 26 22 of
258 1736 44 21 the
315 1736 92 21 Brown
421 1734 162 26 community,

77 1773 78 20 many
172 1767 26 22 of
214 1767 85 22 whom
315 1767 65 22 have
398 1767 105 26 already
520 1766 51 22 indi-

80 1800 74 21 cated
175 1805 33 16 an
228 1799 110 22 interest
358 1799 26 21 in
404 1798 92 27 taking
516 1804 68 16 some

78 1832 59 26 part
150 1831 27 21 in
191 1831 43 23 the
249 1831 161 26 cooperative
424 1836 127 21 program.

109 1863 132 26 Although
260 1863 21 22 it
300 1863 22 22 is
342 1863 123 26 expected
484 1863 59 21 that
563 1862 20 22 it

77 1896 53 21 will
141 1896 32 22 be
184 1901 79 21 many
273 1894 103 23 months
388 1894 89 23 before
490 1894 43 23 the
546 1894 24 21 ef-

77 1927 154 23 fectiveness
259 1927 27 21 of
312 1927 43 22 the
382 1926 66 26 joint
473 1926 108 22 venture

77 1965 48 16 can
146 1958 32 23 be
200 1958 164 28 determined,
388 1958 21 22 it
431 1958 20 22 is
472 1957 109 28 possible

77 1992 59 21 that
158 1997 48 16 one
230 1991 27 22 of
279 1991 45 23 the
346 1990 61 22 first
430 1990 151 22 indications

728 1999 98 21 Harold
842 1999 38 21 W.
895 1998 92 21 Pfautz

101 2115 388 74 P’broker
533 2113 234 73 Finds
812 2113 276 99 Kenya

133 2218 345 74 ‘Poorer’
525 2218 155 71 But
725 2217 335 74 ‘Richer’

155 2326 27 25 A
198 2325 151 27 Pembroke
365 2324 90 35 junior
470 2324 63 27 who
548 2327 72 23 went
636 2327 27 23 to
680 2323 96 33 Kenya
792 2327 28 22 to
839 2323 90 25 “learn
947 2323 83 25 about
1046 2331 48 25 peo-

78 2361 59 34 ple”
157 2361 49 26 has
224 2361 127 26 returned
369 2361 72 25 from
459 2360 49 26 her
527 2367 118 19 summer
663 2359 75 26 there
757 2359 65 26 with
841 2366 59 19 new
920 2358 111 34 insights
1051 2359 57 26 into

76 2397 126 26 Africans
219 2397 54 26 and
288 2397 160 26 Americans
465 2395 78 27 alike,

153 2433 89 32 Emily
261 2432 120 33 Hughes,
404 2440 34 18 an
456 2430 113 35 English
588 2430 150 26 Literature
757 2430 95 33 major,
875 2437 59 25 says
955 2429 47 27 she
1021 2429 87 27 found

77 2468 55 26 that
150 2468 128 33 although
295 2468 127 25 Africans
440 2475 61 25 may
518 2466 36 26 be
571 2466 149 33 materially
737 2473 99 26 poorer
854 2465 65 26 than
936 2465 169 31 Americans,

78 2505 61 33 they
155 2512 45 18 are
216 2503 181 26 nevertheless
412 2503 86 26 richer
513 2502 28 25 in
558 2502 80 33 spirit.

153 2540 52 26 She
223 2540 55 26 also
294 2538 158 27 discovered
467 2538 59 26 that
541 2541 71 22 most
627 2536 147 26 American
789 2536 146 33 collegians
950 2536 61 26 who
1028 2544 34 25 go
1079 2540 29 22 to

77 2576 43 26 the
148 2575 83 26 “dark
257 2574 155 26 continent”
440 2581 45 18 are
511 2577 49 22 not
588 2571 503 35 “rah-rah-gung-ho-let’s-go-out-and-

75 2610 292 28 crusade-for-Africa”
388 2613 84 29 types.

153 2647 68 26 Miss
238 2646 111 33 Hughes
365 2645 72 26 lived
452 2645 44 25 for
510 2648 54 22 two
580 2643 109 27 months
705 2643 28 26 in
748 2643 45 26 the
810 2647 73 22 town
899 2643 30 26 of
944 2642 161 32 Machakos,

77 2684 38 25 40
129 2683 76 25 miles
223 2682 136 26 southeast
374 2681 30 26 of
418 2680 122 31 Nairobi,
557 2679 44 26 the
618 2679 98 33 capital
732 2679 31 26 of
776 2679 45 26 the
838 2682 120 30 country.
975 2679 58 26 Her
1049 2682 57 29 stay

74 2727 52 16 was
146 2720 81 22 under
246 2720 46 21 the
311 2718 115 27 auspices
446 2717 26 22 of
492 2717 73 23 Cross-

75 2753 76 21 roads
165 2752 97 27 Africa,
278 2751 82 22 which
376 2750 52 22 this
444 2755 62 22 year
521 2750 59 21 sent

75 2791 15 16 a
114 2785 65 21 total
203 2784 27 22 of
252 2783 47 22 300
321 2788 86 21 young
428 2781 150 22 Americans

75 2822 61 17 over
157 2816 73 22 there
252 2816 26 21 to
300 2815 60 27 help
379 2814 120 22 Africans
520 2813 59 27 help

73 2849 160 22 themselves.

105 2880 45 23 Six
169 2880 75 21 other
261 2884 99 17 women
378 2879 53 22 and
450 2877 51 23 five
520 2882 59 16 men

74 2919 67 15 were
151 2912 63 21 with
226 2912 46 21 her
283 2911 27 22 in
320 2910 148 26 Machakos,
482 2915 15 16 a
509 2910 69 21 town

75 2945 26 23 of
117 2944 70 27 8,000
202 2943 58 22 that
277 2948 85 17 serves
379 2948 28 16 as
424 2942 45 22 the
485 2942 94 26 county

70 2974 1 26 .
74 2978 57 21 seat
144 2976 51 23 and
206 2976 21 21 is
240 2975 59 22 thus
313 2974 71 23 filled
396 2974 63 21 with
471 2979 92 21 govern-

73 3009 71 21 ment
158 3008 111 22 officials
284 3008 51 21 and
348 3006 106 22 schools.

104 3041 54 21 The
176 3039 150 22 Americans
344 3039 91 26 helped
452 3037 127 23 residents

74 3073 26 22 of
114 3072 171 26 surrounding
298 3071 106 27 villages
418 3070 71 23 build
503 3069 75 22 roads

74 3107 51 21 and
141 3104 156 26 community
313 3104 108 22 centers.

105 3136 63 23 Miss
183 3136 105 26 Hughes
303 3141 58 21 says
376 3135 45 22 she
435 3135 50 22 and
499 3140 16 16 a
528 3133 51 22 few

74 3168 27 23 of
113 3169 46 22 her
172 3175 81 20 group
264 3168 84 22 would
361 3174 31 21 go
405 3168 46 21 out
464 3168 27 20 to
505 3173 15 15 a
532 3166 35 22 vil-

74 3202 58 25 lage
146 3202 52 22 and
213 3201 53 26 join
280 3200 64 22 with
358 3199 65 23 lines
438 3199 28 22 of
479 3203 100 17 women

73 3233 126 27 swinging
218 3234 61 21 hoes
301 3233 50 22 and
371 3231 101 27 singing
491 3230 87 23 native

74 3265 79 23 chans
170 3265 27 22 in
213 3265 44 24 the
273 3265 127 26 language
417 3263 27 23 of
459 3264 45 22 the
520 3263 39 21 Wa-

72 3297 95 22 kamba
188 3297 73 22 tribe.

106 3329 69 22 “You
193 3335 48 16 can
260 3329 187 22 communicate
464 3335 16 15 a
498 3328 36 21 lot
552 3327 27 23 of

73 3362 64 25 good
160 3361 52 22 will
235 3362 111 21 without
369 3361 76 26 being
470 3361 57 22 able
551 3361 27 21 to

72 3393 81 27 speak
172 3394 44 22 the
237 3399 71 17 same
327 3392 150 28 language.”

104 3425 50 22 She
174 3425 186 23 characterizes
381 3426 43 22 the
444 3425 89 26 people
553 3423 26 23 of

72 3456 92 28 Kenya
180 3464 28 15 as
224 3457 78 28 being
318 3457 91 27 “jolly”
428 3458 49 21 and
496 3456 69 23 “viva-

73 3488 84 22 cious”
178 3489 98 27 despite
296 3490 44 22 the
359 3489 56 22 fact
433 3489 59 22 that
511 3488 68 22 their

73 3521 128 22 economic
221 3521 145 23 lot—while
384 3521 35 28 by
437 3527 34 15 no
489 3526 89 16 means

72 3552 178 24 destitute—is
270 3554 43 22 far
331 3554 68 21 from
417 3558 159 22 prosperous.

102 3591 62 22 Two
184 3592 76 23 times
282 3599 15 16 a
317 3592 79 26 week,
418 3592 46 22 she
484 3591 94 27 taught

71 3622 106 27 English
197 3625 28 21 to
243 3630 98 17 women
360 3625 56 21 who
436 3623 51 23 had
506 3629 71 16 come

71 3655 56 22 into
156 3656 68 21 town
255 3658 27 21 to
313 3657 92 22 attend
433 3655 145 22 homecraft

71 3693 110 17 courses.
207 3688 26 22 “I
256 3689 106 22 learned
384 3689 58 21 how
465 3687 113 26 exciting

70 3720 121 33 •teggjnng
206 3726 48 16 can
268 3721 54 26 be,”
337 3722 46 21 she
398 3726 65 21 says,
479 3719 99 26 though

72 3759 102 30 quickly
190 3752 118 29 pointing
323 3754 46 21 out
386 3753 59 22 that
462 3752 44 22 the
522 3750 55 23 fact

75 3794 59 24 that
149 3790 44 23 she
206 3785 48 22 had
268 3786 28 21 to
311 3791 46 17 use
372 3791 33 16 an
420 3785 157 25 interpreter

77 3817 141 38 prevented
228 3817 49 24 her
296 3818 132 26 pedagogy
447 3817 68 22 from
534 3815 28 22 be-

80 3860 44 20 i-nz
144 3859 28 18 as
191 3848 112 24 effective
322 3855 28 17 as
370 3850 21 21 it
409 3849 83 27 might
511 3848 66 22 have

70 3877 70 25 been.
164 3896 11 3 -

101 3910 36 23 At
160 3912 99 28 Brown,
285 3913 63 23 Miss
373 3914 106 26 Hughes
503 3912 22 23 is
550 3912 26 21 in

70 3942 93 28 charge
184 3945 26 22 of
231 3946 44 22 the
295 3945 89 23 UCA’s
405 3945 85 23 Social
511 3944 48 22 Con-

1293 1221 190 59 Stoltz

1166 1303 104 21 Merton
1287 1303 27 22 P.
1332 1303 89 26 Stoltz,
1439 1303 56 23 who
1510 1304 47 22 has
1575 1305 65 22 been

1136 1335 138 26 appointed
1287 1336 26 21 to
1327 1336 44 22 the
1384 1335 201 28 newly-created
1596 1342 30 21 po-

1135 1366 77 22 sition
1233 1367 26 21 of
1279 1367 73 21 Dean
1372 1367 28 22 of
1419 1368 46 22 the
1483 1367 156 28 University,

1135 1404 52 17 was
1207 1399 67 21 until
1292 1404 59 16 now
1368 1399 133 23 Associate
1520 1401 74 21 Dean
1613 1401 27 21 of

1136 1430 44 23 the
1193 1430 132 23 Graduate
1338 1431 92 22 School
1444 1433 50 21 and
1508 1432 132 22 chairman

1135 1462 27 22 of
1182 1463 44 22 the
1245 1463 172 26 Department
1437 1463 26 23 of
1482 1463 157 23 Economics.

1167 1494 31 22 In
1212 1494 39 23 his
1265 1500 57 17 new
1335 1495 110 26 position
1458 1496 33 21 he
1504 1496 52 22 will
1569 1495 72 22 work

1136 1526 94 27 closely
1251 1527 62 21 with
1335 1528 122 26 Barnaby
1479 1528 26 22 C.
1527 1528 112 26 Keeney,

1136 1558 135 22 President
1294 1559 27 22 of
1345 1559 43 23 the
1411 1559 154 27 University,
1591 1559 50 22 and

1135 1591 119 26 together
1276 1591 62 27 they
1357 1591 53 22 will
1430 1592 31 22 be
1482 1592 158 26 responsible

1135 1622 42 22 for
1194 1623 45 22 the
1256 1623 123 22 selection
1395 1624 51 22 and
1464 1623 177 27 development

1135 1655 27 20 of
1174 1655 44 22 the
1230 1655 104 27 faculty,
1345 1655 41 22 for
1397 1655 45 22 the
1454 1655 186 27 improvement

1135 1686 26 21 of
1179 1687 44 21 the
1240 1687 154 21 curriculum
1411 1689 51 21 and
1478 1687 161 26 instruction,

1136 1719 50 21 and
1203 1719 41 21 for
1260 1719 158 26 supervision
1436 1719 27 22 of
1480 1720 35 21 all
1532 1719 47 22 but
1597 1719 43 22 the

1135 1750 204 23 administrative
1364 1752 101 26 aspects
1489 1751 27 22 of
1539 1751 87 22 univer-

1134 1782 51 26 sity
1200 1783 127 22 research.

1165 1815 82 22 There
1268 1815 51 22 will
1341 1815 119 23 continue
1483 1816 27 21 to
1530 1815 32 22 be
1583 1821 42 21 sep-

1136 1847 73 21 arate
1224 1847 77 22 deans
1317 1847 40 21 for
1371 1847 46 23 the
1430 1848 73 21 three
1519 1846 120 23 divisions

1134 1877 28 22 of
1181 1878 44 22 the
1244 1879 142 27 university
1454 1879 54 22 The
1529 1879 108 27 College,

1134 1910 143 23 Pembroke
1294 1910 101 27 College
1413 1912 50 21 and
1480 1911 45 22 the
1541 1910 82 23 Gradu-

1135 1943 43 21 ate
1191 1942 98 22 School.
1302 1943 81 23 These
1396 1943 78 23 deans
1487 1943 51 22 will
1551 1944 88 25 report

1135 1975 27 20 to
1190 1974 62 21 both
1280 1975 45 22 the
1352 1975 135 22 President
1515 1976 51 21 and
1595 1975 44 22 the

1134 2006 73 21 Dean
1240 2006 28 22 of
1300 2006 45 23 the
1377 2006 155 28 University.
1566 2007 73 22 Dean

1134 2037 83 22 Stoltz
1238 2037 53 23 will
1310 2039 47 21 not
1377 2039 32 22 be
1430 2039 146 26 interposed
1596 2039 28 21 be-

1135 2070 83 21 tween
1238 2070 72 22 them
1330 2072 51 21 and
1400 2070 45 23 the
1465 2070 106 27 faculty,
1592 2076 47 16 nor

1134 2102 117 22 between
1271 2103 70 21 them
1362 2103 51 21 and
1433 2103 43 22 the
1497 2103 142 21 President.

1165 2134 52 22 For
1229 2140 79 21 many
1320 2140 75 21 years
1409 2135 73 21 Dean
1496 2135 83 21 Stoltz
1592 2135 47 21 has

1134 2166 65 21 been
1218 2166 82 23 active
1318 2166 27 22 in
1362 2167 87 22 Rhode
1467 2167 88 22 Island
1573 2172 51 16 com-

1134 2198 101 26 munity
1252 2197 98 25 affairs.
1368 2199 30 21 In
1415 2198 62 22 1957
1492 2199 33 21 he
1541 2198 98 22 headed

1135 2230 44 21 the
1196 2230 96 26 special
1311 2230 157 22 Providence
1487 2230 153 22 Committee

1135 2267 32 16 on
1188 2261 141 27 Municipal
1349 2262 126 28 Revenue,
1499 2262 142 26 commonly

1136 2293 92 22 known
1252 2300 28 16 as
1305 2293 43 23 the
1372 2293 84 23 Stoltz
1480 2293 160 26 Committee,

1135 2326 81 21 which
1242 2325 125 23 rendered
1393 2332 16 16 a
1433 2325 207 27 comprehensive

1135 2358 88 25 report
1243 2363 33 16 on
1294 2357 139 28 municipal
1453 2357 116 23 finances
1589 2359 51 21 two

1134 2395 75 21 years
1225 2390 74 22 later.

1166 2422 30 21 In
1214 2421 61 22 1961
1293 2422 32 21 he
1343 2428 54 16 was
1415 2428 15 16 a
1447 2422 115 22 member
1579 2421 28 22 of
1625 2427 15 16 a

1134 2453 98 22 similar
1256 2459 81 21 group
1362 2454 57 22 that
1444 2453 102 23 studied
1570 2454 69 22 state

1132 2484 122 28 finances,
1275 2486 92 21 known
1386 2492 28 16 as
1433 2486 44 22 the
1495 2486 89 21 Rhode
1601 2486 26 21 Is-

1132 2517 60 22 land
1210 2517 84 22 Fiscal
1313 2517 83 27 Study
1415 2517 174 23 Commission.

1163 2556 73 22 Dean
1259 2556 83 22 Stoltz
1364 2562 52 16 was
1439 2556 113 22 director
1573 2555 27 23 of
1622 2561 15 16 a

1131 2588 266 27 college-community
1429 2588 118 22 research
1579 2593 44 22 pro-

1131 2625 73 21 gram
1223 2620 58 21 that
1299 2619 99 23 existed
1414 2619 94 27 during
1524 2620 68 21 most
1610 2619 27 22 of

1132 2652 44 22 the
1201 2651 83 23 1950’s
1309 2658 29 16 as
1365 2658 16 15 a
1407 2651 162 27 cooperative
1595 2657 40 15 ar-

612 2755 321 97 University
936 2754 287 98 Planning
1225 2754 140 76 New
1376 2753 282 79 Graduate
1667 2753 208 77 School
1883 2753 263 99 Complex

701 2883 33 25 by
748 2882 122 21 Michael
885 2882 121 22 Schmitz

632 2922 52 22 The
713 2921 149 26 University
889 2921 23 23 is
939 2921 124 27 planning
1089 2927 16 16 a

601 2954 138 26 $5,000,000
764 2953 125 27 graduate
913 2954 89 21 center
1024 2952 82 22 which

600 2986 83 22 would
699 2985 100 23 include
813 2985 64 22 both
892 2985 147 22 dormiories
1056 2985 50 21 and

601 3017 77 23 office
709 3023 82 21 space,
823 3017 104 22 Merton
957 3016 26 23 P.
1015 3016 90 26 Stoltz,

600 3049 66 23 dean
686 3049 26 21 of
733 3049 44 23 the
797 3049 155 26 University,
974 3048 56 23 said
1049 3054 42 21 yes-

601 3082 98 26 terday.

632 3120 83 22 Stoltz
736 3120 113 22 stressed
871 3120 58 21 that
951 3119 44 22 the
1018 3120 88 21 center

600 3152 23 23 is
642 3152 110 26 entirely
771 3152 26 21 in
818 3152 43 22 the
880 3151 124 27 planning
1023 3152 81 25 stage.

600 3185 39 22 He
663 3185 54 21 said
739 3185 46 22 the
807 3183 150 27 impression
980 3183 76 27 given
1079 3183 26 21 in

601 3216 141 27 Thursday’
757 3216 157 22 Providence
926 3215 109 22 Journal
1047 3215 59 22 that

603 3248 52 23 “we
683 3255 44 17 are
755 3248 77 27 going
858 3249 27 21 to
912 3249 62 21 turn
1002 3253 60 16 over
1089 3253 16 16 a

600 3281 87 22 shovel
724 3280 151 23 tomorrow”
913 3280 21 22 is
971 3279 135 26 definitely

600 3319 94 21 wrong.
727 3313 84 22 Stoltz
842 3312 56 23 said
929 3311 177 23 construction

602 3345 163 27 conceivably
788 3345 73 23 could
882 3344 76 27 begin
978 3343 92 23 within
1091 3349 15 17 a

600 3384 69 21 year.

632 3417 53 22 The
708 3417 88 22 center
816 3416 53 21 will
891 3415 55 24 also
967 3415 100 22 include
1091 3421 14 16 a

601 3455 128 16 commons
748 3448 115 27 building
880 3448 82 22 which
981 3449 26 21 to
1026 3448 79 21 house

602 3487 14 15 a
635 3481 136 26 refectory,
792 3487 15 15 a
825 3481 92 26 lounge
937 3481 51 21 and
1005 3485 86 17 recrea-

600 3514 54 21 tion
672 3518 78 20 room,
770 3518 33 16 an
821 3512 208 22 administration
1047 3517 43 16 cen-

601 3546 41 20 ter
658 3545 41 21 for
715 3545 45 22 the
774 3544 127 27 graduate
917 3543 92 26 school,
1025 3543 64 21 meet-

599 3578 43 25 ing
661 3582 91 21 rooms,
772 3577 51 22 and
841 3576 81 22 suites
940 3575 42 23 for
999 3575 106 26 visiting

599 3609 120 22 scholars.

628 3655 55 22 The
715 3653 108 23 Journal
857 3653 152 27 apparently
1042 3652 60 22 first

599 3686 106 23 learned
720 3687 79 22 about
814 3686 44 21 the
875 3687 89 21 center
978 3685 66 22 from
1059 3685 44 22 the

599 3718 168 27 University’s
799 3718 109 26 petition
939 3717 90 23 before
1059 3717 45 22 the

598 3750 157 23 Providence
774 3750 109 26 Buiding
903 3750 85 22 Board
1008 3749 27 22 of
1054 3750 33 21 Re-

598 3783 65 21 view
692 3784 27 20 to
748 3789 47 15 use
823 3782 106 22 scissors
959 3781 144 23 stairwells.

598 3815 112 22 Scissors
727 3814 136 23 stairwells
878 3815 44 21 cut
938 3820 86 16 across
1040 3814 63 22 each

599 3848 75 21 other
699 3848 51 22 and
776 3853 59 16 save
861 3852 82 22 space,
970 3846 48 22 but
1043 3846 60 26 they

598 3879 65 22 have
687 3884 79 17 never
789 3879 65 22 been
878 3879 63 22 used
964 3878 90 23 before
1078 3878 25 22 in

598 3911 88 22 Rhode
705 3910 94 23 Island.
818 3912 26 21 It
862 3911 21 22 is
901 3912 47 21 not
966 3910 99 23 certain
1083 3910 20 22 if

598 3944 44 22 the
659 3944 53 26 city
728 3944 115 26 building
859 3944 68 26 code,
945 3943 82 22 which
1044 3948 59 21 says

598 3976 77 22 stairs
690 3977 70 21 must
775 3976 32 23 be
823 3975 155 27 “remotely”
994 3975 108 27 located,

1128 2882 52 23 will
1199 2882 74 22 allow
1292 2882 107 23 scissors
1417 2882 85 23 stairs.

1159 2921 55 22 The
1230 2921 153 26 University,
1400 2921 137 26 therefore,
1555 2920 77 23 asked

1130 2954 44 21 the
1195 2953 80 22 board
1297 2952 41 23 for
1359 2959 17 16 a
1399 2953 111 22 decision
1533 2958 33 17 on
1588 2952 45 22 the

1129 2985 92 22 scissor
1242 2985 78 23 stairs
1341 2985 70 22 since
1432 2990 33 16 an
1486 2984 146 22 architect’s

1128 3017 60 26 plan
1201 3017 75 27 using
1289 3023 16 16 a
1319 3018 115 25 compact
1448 3023 58 16 core
1520 3016 25 22 of
1559 3016 73 23 these

1128 3049 135 22 stairwells
1292 3050 28 20 at
1347 3049 44 22 the
1418 3049 89 21 center
1534 3049 27 21 of
1588 3049 44 22 the

1127 3081 115 26 building
1257 3081 51 22 will
1326 3081 32 22 be
1374 3081 153 26 completely
1543 3081 76 22 differ-

1128 3114 44 21 ent
1183 3113 68 22 from
1263 3119 15 15 a
1289 3114 60 25 plan
1360 3113 75 27 using
1446 3114 121 25 separate
1578 3114 54 22 sets

1128 3145 27 21 of
1176 3145 135 22 stairwells
1332 3145 83 22 which
1437 3150 45 17 are
1502 3145 31 23 60
1554 3145 27 22 to
1602 3145 31 22 80

1128 3176 54 23 feet
1200 3178 82 26 apart.

1159 3216 84 22 Stoltz
1262 3215 140 23 confirmed
1420 3215 58 22 that
1498 3216 45 22 the
1561 3216 54 21 Pow-

1655 2887 29 15 er
1702 2880 87 23 Street
1808 2881 109 26 parking
1934 2881 37 23 lot
1989 2882 22 22 is
2029 2883 131 26 currently

1656 2913 76 27 being
1757 2914 148 22 considered
1929 2914 42 21 for
1996 2914 45 23 the
2066 2916 95 26 center,

1656 2945 81 22 which
1759 2946 83 22 would
1864 2946 100 22 include
1988 2946 60 22 four
2070 2947 77 22 dormi-

1656 2977 86 26 tories,
1762 2978 64 22 each
1843 2978 109 27 housing
1970 2978 47 23 100
2036 2979 125 22 students.

1655 3009 83 23 Three
1759 3010 27 21 of
1807 3010 44 21 the
1874 3010 161 23 dormitories
2056 3011 53 22 will
2130 3012 31 22 be

1656 3040 40 22 for
1714 3047 59 16 men
1793 3043 51 21 and
1862 3048 48 16 one
1930 3041 41 23 for
1989 3048 106 21 women,
2115 3043 46 23 but

1655 3073 20 22 it
1698 3073 45 22 has
1765 3074 46 21 not
1835 3074 65 21 been
1922 3074 105 23 decided
2048 3075 23 22 if
2093 3077 68 21 most

1655 3111 83 16 rooms
1754 3107 85 22 would
1853 3106 32 23 be
1899 3106 88 27 suites,
2004 3107 112 27 doubles,
2133 3114 28 16 or

1655 3137 101 27 singles.

1686 3170 83 21 Stoltz
1791 3170 147 23 considered
1960 3177 15 16 a
1996 3171 119 27 capacity
2135 3172 27 22 of

1655 3201 47 22 400
1731 3202 126 26 adequate
1886 3202 42 22 for
1957 3203 45 23 the
2031 3203 131 23 Graduate

1655 3233 112 23 School’s
1805 3234 62 22 1100
1903 3234 153 23 enrollment
2093 3236 70 22 since

1656 3266 78 21 about
1760 3265 59 25 45%
1847 3266 27 22 of
1900 3267 44 23 the
1971 3268 119 22 students
2117 3274 45 16 are

1655 3298 119 22 married.

1686 3330 83 22 Stoltz
1785 3330 56 23 said
1857 3331 59 22 that
1931 3332 45 23 the
1992 3331 169 29 University’s

1655 3361 59 23 lack
1729 3363 26 21 of
1771 3368 33 17 an
1820 3363 129 26 adequate
1963 3364 125 26 graduate
2105 3371 44 16 cen-

1656 3395 41 21 ter
1715 3395 126 27 probably
1858 3396 47 23 has
1925 3396 149 26 prejudiced
2094 3403 69 16 some

1655 3426 118 23 students
1790 3427 103 27 against
1908 3428 94 22 Brown
2018 3430 50 22 and
2084 3430 79 22 added

1656 3459 58 22 that
1729 3459 45 23 the
1789 3461 102 21 centers
1907 3462 28 21 at
1949 3461 128 27 Harvard,
2093 3462 69 28 MIT,

1656 3491 51 23 and
1721 3491 139 22 Princeton
1876 3498 45 17 are
1936 3499 63 21 very
2015 3494 148 22 attractive.

1686 3523 109 27 Today’s
1816 3525 127 26 graduate
1963 3527 90 21 center
2074 3527 89 22 should

1656 3555 31 22 do
1720 3562 72 17 more
1825 3557 66 22 than
1923 3557 81 23 house
2037 3558 125 28 students,

1656 3588 84 22 Stoltz
1761 3589 62 23 said.
1845 3589 40 23 He
1907 3590 136 26 explained
2064 3591 58 22 that
2143 3591 20 22 it

1656 3620 91 23 should
1762 3621 32 22 be
1811 3621 164 23 educational
1993 3623 50 22 and
2060 3623 103 27 provide

1656 3658 33 16 an
1705 3653 180 23 environment
1903 3654 26 22 in
1944 3655 84 21 which
2045 3655 118 23 students

1656 3691 49 15 can
1721 3686 130 26 exchange
1868 3687 77 22 ideas.

1688 3718 101 22 Details
1806 3718 28 23 of
1851 3719 43 21 the
1911 3718 114 28 building
2042 3725 44 17 are
2102 3725 61 21 very

1656 3755 89 22 vague,
1762 3750 84 22 Stoltz
1861 3751 61 26 said,
1938 3751 109 23 because
2062 3752 45 22 the
2120 3752 29 22 de-

1656 3782 57 27 sign
1741 3782 111 27 depends
1880 3789 68 20 upon
1975 3784 116 21 whether
2119 3784 44 21 the

1656 3814 106 23 scissors
1782 3815 136 22 stairwells
1937 3821 48 16 can
2003 3816 31 21 be
2053 3816 95 26 employ-

1656 3847 38 22 ed.
1719 3847 121 22 Harvard
1865 3848 50 22 and
1941 3847 132 22 Columbia
2096 3848 66 21 have

1656 3878 62 23 both
1742 3879 66 22 built
1832 3885 57 16 new
1914 3879 160 22 dormitories
2099 3879 62 22 with

1656 3911 106 22 scissors
1777 3911 143 22 stairwells.
1936 3911 25 21 It
1975 3911 46 22 has
2036 3913 46 20 not
2096 3911 63 21 been

1656 3943 105 23 decided
1781 3943 57 22 how
1858 3943 45 22 the
1923 3943 115 27 building
2057 3943 52 22 will
2128 3943 31 21 be

1654 3974 126 26 financed,
1800 3974 84 22 Stoltz
1903 3975 62 22 said.

1129 3294 263 51 Sovereign
1421 3294 205 51 Whipped

1178 3387 73 21 Special
1264 3389 18 15 to
1296 3386 31 18 the
1340 3386 75 18 Brown
1428 3386 63 18 Daily
1503 3386 78 18 Herald

1158 3432 53 22 The
1243 3431 57 23 U.S.
1333 3431 79 27 yacht
1445 3430 187 23 Constellation

1128 3465 124 21 trounced
1276 3463 97 22 British
1399 3463 146 26 challenger
1569 3463 48 23 Sov-

1128 3496 72 26 erign
1216 3496 35 26 by
1267 3495 31 22 20
1313 3495 60 22 min.
1391 3495 52 22 and
1460 3495 31 22 24
1508 3501 49 16 sec.
1574 3501 43 21 yes-

1128 3528 91 26 terday
1239 3528 26 21 in
1284 3528 44 22 the
1348 3528 94 22 second
1461 3533 60 17 race
1541 3527 27 22 of
1588 3528 44 22 the

1127 3560 104 21 current
1268 3559 186 23 best-of-seven
1491 3559 142 24 America’s

1127 3592 55 26 Cup
1202 3592 85 22 series.

1157 3637 54 23 The
1232 3637 87 23 defeat
1339 3644 53 16 was
1414 3638 43 23 the
1477 3639 69 22 most
1566 3639 53 22 deci-

1127 3669 53 23 sive
1203 3670 26 21 in
1254 3676 51 20 any
1327 3670 141 23 America’s
1494 3670 56 28 Cup
1573 3677 60 16 race

1126 3702 69 22 since
1210 3702 61 22 1886
1286 3703 74 21 when
1374 3702 155 28 Mayflower
1547 3703 81 25 (U.S.)

1126 3735 129 26 swamped
1273 3735 115 22 Scottish
1407 3735 148 27 challenger
1574 3735 45 23 Gal-

1127 3768 60 21 atea
1202 3767 35 27 by
1252 3766 32 23 29
1298 3766 60 23 min.
1376 3768 51 22 and
1442 3768 15 22 9
1474 3773 48 17 sec.

1156 3812 139 27 Sovereign
1309 3813 47 23 has
1371 3815 46 25 yet
1432 3815 27 21 to
1474 3813 52 23 win
1541 3820 15 16 a
1571 3820 61 16 race

1127 3845 26 22 in
1177 3846 51 22 this
1253 3845 86 24 series.
1363 3846 83 23 There
1469 3846 52 22 will
1545 3847 32 22 be
1601 3853 32 16 no

1127 3883 59 17 race
1202 3878 78 26 today
1295 3878 111 23 because
1421 3878 45 23 the
1480 3879 100 22 British
1594 3885 26 16 re-

1126 3910 106 26 quested
1256 3910 70 22 after
1347 3910 160 27 yesterday’s
1530 3911 89 22 thrash-

1126 3942 43 27 ing
1192 3942 59 22 that
1274 3943 22 21 it
1318 3942 32 23 be
1373 3944 47 26 put
1442 3942 39 23 off
1503 3943 67 23 until
1593 3944 26 21 to-

1126 3978 116 18 morrow.

1137 531 425 114 Deanery
1609 528 543 116 Undergoes
2202 528 419 117 Changes

1137 658 139 85 To
1324 658 422 85 Increase
1794 657 104 85 U.
1948 655 110 86 H.
2109 657 507 113 Efficiency

1192 791 58 27 The
1268 792 154 33 University
1440 792 48 26 has
1508 792 80 26 made
1607 792 103 27 several
1729 792 117 33 changes
1865 792 28 26 in

1134 827 45 26 the
1194 827 226 27 Administration
1435 828 28 25 in
1479 836 34 19 an
1528 828 82 27 effort
1625 832 29 23 to
1670 828 152 27 streamline
1838 828 55 27 and

1134 863 121 33 improve
1270 863 149 33 efficiency.

1191 899 105 26 Robert
1312 900 33 25 O.
1363 899 120 32 Schulze,
1499 900 103 26 former
1616 900 137 26 Assistant
1767 900 80 26 Dean
1862 900 31 26 of

1134 934 46 28 the
1205 935 118 33 College,
1348 935 49 26 has
1421 935 70 26 been
1517 935 147 34 appointed
1688 936 79 26 Dean
1792 936 30 27 of
1846 935 45 27 the

1134 970 117 33 College.

1191 1006 110 26 Merton
1320 1007 29 25 P.
1371 1006 90 32 Stoltz,
1482 1006 102 27 former
1602 1006 143 27 Associate
1764 1008 80 25 Dean
1863 1008 30 26 of

1135 1041 44 26 the
1202 1041 137 27 Graduate
1362 1042 99 26 School
1483 1043 53 26 and
1559 1043 147 25 Chairman
1728 1043 30 26 of
1779 1043 45 26 the
1846 1043 30 26 de-

1134 1081 135 29 partment
1290 1077 29 26 of
1339 1078 164 31 economics,
1526 1078 54 25 will
1601 1086 105 25 occupy
1727 1078 45 26 the
1794 1079 82 33 newly-

1135 1112 107 26 created
1260 1113 119 32 position
1397 1113 29 26 of
1445 1114 78 25 Dean
1541 1114 31 26 of
1589 1113 46 27 the
1653 1114 161 33 University.

1192 1148 111 26 Donald
1320 1149 31 26 E,
1371 1149 101 30 Walsh,
1492 1157 16 19 a
1526 1149 123 26 member
1667 1149 30 28 of
1715 1149 45 27 the
1778 1150 99 27 Univer-

1940 791 50 33 sity
2011 790 228 26 Administration
2260 790 44 26 for
2325 790 62 26 four
2408 798 85 25 years,
2516 790 55 26 will
2592 791 110 33 replace*

1938 826 105 26 Robert
2058 826 32 26 E.
2107 826 58 26 Hill
2182 833 29 19 as
2226 826 136 26 Assistant
2378 827 79 25 Dean
2471 826 31 26 of
2516 826 46 26 the
2578 826 118 34 College.

1937 862 59 27 Hill
2011 862 55 26 will
2083 862 99 26 devote
2199 861 41 27 his
2258 861 51 26 full
2327 862 131 26 attention
2475 865 29 23 to
2521 862 41 26 his
2580 863 118 33 position

1938 906 28 18 as
1982 898 137 26 Assistant
2135 897 126 27 Director
2276 897 31 27 of
2321 897 133 34 Housing.

1995 933 121 32 Schulze,
2132 933 63 27 who
2209 933 120 34 replaces
2344 933 105 26 Robert
2462 934 41 25 W.
2519 934 102 31 Morse,
2636 941 63 19 now

1937 969 137 26 Assistant
2091 969 139 33 Secretary
2246 969 31 26 of
2293 969 45 26 the
2356 969 87 33 Navy,
2460 977 79 18 came
2554 973 30 23 to
2599 971 100 25 Brown

1938 1005 29 25 in
1989 1005 80 26 1955.
2090 1005 44 26 He
2154 1005 23 26 is
2197 1012 16 18 a
2232 1005 129 33 graduate
2382 1005 30 26 of
2430 1005 46 26 the
2496 1005 154 33 University
2669 1005 30 27 of

1937 1040 148 33 Michigan,
2109 1040 54 26 and
2184 1040 123 26 received
2329 1049 16 18 a
2366 1041 122 26 master’s
2509 1040 97 34 degree
2626 1042 73 26 from

1938 1076 145 26 Columbia
2103 1076 28 26 in
2155 1077 72 26 1952
2249 1076 54 26 and
2325 1084 15 19 a
2360 1076 83 27 Ph.D.
2465 1077 73 26 from
2558 1077 141 34 Michigan

1937 1111 28 26 in
1987 1111 79 27 1956.

1996 1146 111 26 Schulze
2125 1155 55 18 was
2199 1147 146 34 appointed
2364 1148 133 26 associate
2512 1148 140 34 professor
2669 1150 30 26 of

2192 1185 128 26 sociology
2340 1191 27 16 in
2387 1185 68 23 1961.

2222 1216 95 27 Walsh,
2338 1217 58 22 who
2416 1217 116 27 replaces
2553 1218 97 22 Robert
2670 1218 21 22 E

2191 1248 53 22 Hill
2260 1254 27 16 as
2303 1249 133 22 Assistant
2451 1250 73 22 Dean
2540 1250 27 22 of
2582 1250 44 23 the
2642 1250 46 22 Col

2190 1280 66 26 lege:
2278 1280 112 23 Student
2409 1281 107 28 Affairs,
2536 1282 53 22 will
2608 1282 33 22 be
2659 1289 22 16 re-

2191 1313 128 25 sponsible
2346 1313 40 22 for
2413 1313 165 28 disciplinary
2605 1315 85 22 action

2190 1344 154 28 counseling,
2367 1346 52 21 and
2439 1346 76 22 other
2536 1346 141 23 administra-

2190 1376 52 22 tive
2274 1378 111 21 matters
2419 1379 155 26 concerning
2605 1379 72 22 under-

2189 1408 126 25 graduate
2334 1414 66 17 men.

2220 1440 131 27 Although
2368 1441 124 23 “matters
2508 1442 148 28 pertaining
2670 1444 21 21 tc

2190 1471 165 28 disciplinary
2384 1473 169 24 infractions”
2584 1481 45 17 are
2658 1475 33 23 his

2188 1503 125 28 principal
2332 1511 115 21 concern,
2466 1506 89 22 Walsh
2573 1507 60 22 does
2650 1509 41 20 nol

2189 1541 43 16 see
2251 1536 102 22 himself
2374 1537 43 22 “as
2437 1544 16 16 a
2471 1538 165 26 policeman.”
2657 1539 34 23 He

2189 1567 77 26 hopes
2288 1569 28 21 to
2335 1569 74 21 work
2429 1571 46 21 out
2496 1571 105 21 student
2622 1572 56 25 prob-

2189 1598 63 23 lems
2272 1600 62 22 with
2355 1601 71 21 them
2447 1603 51 22 and
2520 1603 55 22 also
2594 1603 97 23 intends

2189 1632 28 20 to
2237 1632 103 26 explore
2362 1633 71 21 “new
2452 1634 137 23 directions
2610 1635 27 22 in
2657 1642 23 16 so-

2189 1663 49 21 cial
2259 1664 151 23 activities.”

2221 1695 88 22 Walsh
2336 1696 55 23 also
2417 1697 112 23 believes
2556 1699 60 22 that
2643 1700 36 22 stu-

2189 1726 80 22 dents’
2291 1729 152 26 complaints
2464 1731 51 21 and
2534 1731 157 27 suggestions

2189 1758 62 22 with
2272 1761 94 25 regard
2387 1762 27 20 to
2436 1762 45 22 the
2502 1762 131 28 refectory
2653 1764 26 22 de-

2189 1796 74 17 serve
2278 1797 15 15 a
2307 1797 71 18 more
2394 1794 172 25 sympathetic
2581 1795 109 28 hearing

2190 1823 50 22 and
2256 1823 32 22 he
2303 1824 78 26 hopes
2398 1826 27 21 to
2442 1826 41 21 set
2499 1832 34 20 up
2549 1832 16 15 a
2582 1828 94 21 commit-

2189 1854 41 22 tee
2252 1855 27 22 of
2299 1856 100 26 faculty
2420 1858 51 22 and
2490 1859 201 25 representative

2188 1886 118 22 students
2327 1889 27 21 to
2375 1889 103 26 explore
2499 1890 45 22 the
2563 1891 126 22 situation

2220 1918 87 23 Walsh
2322 1925 72 18 came
2407 1922 28 21 to
2449 1922 44 22 the
2506 1922 151 29 University
2670 1924 21 21 ir

2189 1949 63 23 1960
2269 1957 27 15 as
2315 1958 15 15 a
2347 1952 124 23 financial
2489 1954 42 23 aid
2548 1954 93 23 officer
2657 1962 23 16 re-

2189 1982 129 25 sponsible
2338 1983 41 23 for
2400 1985 196 28 administering
2616 1987 63 22 schol-

2190 2014 86 26 arship
2295 2016 107 26 awards,
2422 2017 106 22 student
2546 2018 80 27 loans,
2647 2020 44 22 and

2190 2046 105 22 student
2316 2046 64 26 jobs.
2402 2048 40 23 He
2464 2049 145 26 graduated
2630 2051 61 22 frorr

2189 2077 94 22 Brown
2295 2079 27 21 in
2335 2079 61 22 1956
2410 2081 51 22 and
2472 2082 117 23 received
2602 2089 15 16 a
2629 2089 47 16 mas-

2190 2110 61 22 ter’s
2275 2111 92 26 degree
2391 2112 68 22 from
2482 2113 44 22 the
2549 2113 142 29 University

2191 2141 26 21 of
2235 2142 189 27 Pennsylvania
2441 2145 27 21 in
2485 2145 68 22 1961.

2221 2173 136 26 Benjamin
2381 2176 99 22 Roman
2505 2177 116 23 becomes
2645 2179 31 22 Ad-

2190 2206 68 22 visor
2276 2213 33 15 on
2328 2207 111 22 Student
2457 2209 100 23 Affairs
2576 2211 63 21 with
2658 2211 22 22 of-

2189 2236 63 23 fices
2269 2238 26 21 in
2313 2238 81 23 South
2411 2240 131 26 Wayland.
2560 2242 42 23 He
2617 2242 21 23 is
2656 2249 24 16 re-

2188 2269 128 25 sponsible
2331 2270 41 23 for
2386 2273 194 23 non-academic
2596 2274 92 24 affairs
2690 2269 1 32 ;

2188 2301 153 28 principally
2378 2304 79 22 social
2496 2305 128 23 activities
2663 2312 28 16 or

2188 2338 103 21 campus
2313 2335 51 22 and
2384 2336 127 25 graduate
2532 2338 50 22 and
2603 2339 74 21 under-

2188 2365 125 25 graduate
2329 2367 173 27 employment
2517 2369 63 22 both
2596 2376 32 16 on
2645 2371 46 22 and

2188 2396 38 22 off
2253 2403 111 21 campus.
2391 2399 43 22 All
2461 2400 78 22 social
2566 2402 125 23 activities

2188 2430 69 21 must
2278 2430 31 21 be
2329 2431 144 25 registered
2494 2433 51 22 and
2566 2435 125 25 approved

2188 2461 112 26 through
2316 2462 39 22 his
2372 2463 85 23 office.

2215 2493 100 22 Roman
2326 2493 86 26 joined
2425 2496 44 22 the
2482 2496 149 28 University
2643 2498 32 22 Ad-

2186 2524 175 23 ministration
2372 2526 26 22 in
2410 2527 152 28 November,
2576 2529 67 27 1963,
2657 2531 23 21 af-

2187 2556 41 21 ter
2240 2562 79 22 many
2332 2564 75 19 years
2422 2559 28 22 of
2464 2560 122 28 teaching
2599 2562 27 21 in
2640 2568 39 16 sec-

2187 2588 96 28 ondary
2296 2590 99 22 schools
2410 2593 98 21 around
2520 2592 45 23 the
2577 2595 114 26 country,

2186 2619 39 22 He
2239 2620 21 22 is
2274 2627 14 15 a
2301 2622 126 25 graduate
2440 2623 28 22 of
2479 2624 95 22 Brown
2586 2625 90 22 Univer-

2186 2651 57 26 sity,
2264 2653 44 21 the
2327 2653 73 24 Class
2419 2655 28 22 of
2464 2655 68 23 1925.

2217 2684 126 27 Manager
2370 2686 27 22 of
2422 2687 82 23 Men’s
2532 2689 159 27 Residences,

2186 2714 66 23 John
2266 2717 30 21 D.
2312 2717 72 26 Sipes
2398 2719 52 21 will
2464 2720 74 22 leave
2552 2720 114 23 October
2679 2722 12 21 6

2186 2748 49 21 and
2252 2748 52 22 will
2322 2749 31 23 be
2372 2750 120 26 replaced
2510 2752 35 26 by
2562 2753 85 23 Bruce
2666 2754 25 22 C,

2185 2778 120 23 Dunham
2322 2780 43 23 ’62.
2383 2781 126 28 Dunham,
2526 2784 58 22 who
2599 2785 77 26 major-

2185 2811 30 22 ed
2233 2811 26 21 in
2276 2813 80 26 math,
2375 2814 47 21 has
2441 2814 65 23 been
2525 2816 122 28 teaching
2666 2820 25 20 at

2186 2843 43 22 the
2247 2843 130 24 Shattuck
2394 2846 93 24 School
2506 2848 26 21 in
2549 2849 142 26 Faribault,

2185 2874 86 29 Minn.,
2290 2876 70 23 since
2377 2877 40 23 his
2434 2879 162 26 graduation.

2215 2907 54 22 The
2301 2908 150 29 University
2482 2912 47 22 has
2562 2912 55 23 also
2649 2919 28 16 an-

2185 2941 116 21 nounced
2323 2941 44 21 the
2391 2942 179 26 appointment
2592 2945 28 21 of
2642 2946 49 21 two

2185 2976 57 16 new
2255 2971 146 25 Assistants
2417 2975 26 20 to
2459 2975 43 22 the
2518 2976 75 22 Dean
2607 2976 28 23 of
2649 2977 42 22 the

2186 3002 108 28 College.

2215 3035 72 27 They
2299 3042 46 17 are
2356 3037 112 24 Thomas
2480 3039 30 23 A.
2524 3039 97 28 Mutch,
2634 3046 43 21 pro-

2185 3067 83 22 fessor
2288 3068 27 22 of
2334 3070 115 28 geology,
2470 3071 57 22 who
2547 3072 51 23 will
2619 3079 72 16 serve

2186 3105 28 16 as
2233 3105 15 16 a
2268 3101 144 22 counsellor
2431 3103 28 21 to
2478 3103 45 23 the
2542 3105 149 25 sophomore

2186 3131 71 27 class,
2275 3133 53 22 and
2345 3133 27 22 C.
2389 3134 100 27 Wayne
2505 3135 132 28 Williams,
2655 3136 24 23 in-

2185 3164 114 22 structor
2313 3164 27 23 of
2355 3165 107 29 history,
2478 3168 58 22 who
2549 3168 53 23 will
2617 3175 60 16 coun-

2184 3196 37 21 sel
2240 3196 44 22 the
2302 3196 134 24 freshman
2455 3199 74 23 class.

2216 3227 91 23 Mutch
2320 3228 87 27 joined
2421 3231 43 22 the
2478 3231 101 28 faculty
2591 3232 27 22 in
2631 3233 60 22 1960

2185 3259 70 22 after
2271 3261 130 27 receiving
2418 3262 39 23 his
2476 3263 133 24 doctorate
2626 3265 65 21 from

2184 3291 146 25 Princeton.
2349 3293 133 28 Williams,
2501 3296 57 22 who
2576 3297 115 22 received

2186 3329 15 16 a
2217 3324 142 24 bachelor’s
2376 3327 93 26 degree
2485 3327 68 22 from
2567 3328 124 22 Williams

2185 3356 110 27 College,
2320 3363 53 17 was
2398 3361 93 21 named
2516 3360 124 22 assistant
2664 3362 27 20 to

2186 3389 43 21 the
2244 3389 108 28 History
2365 3391 172 26 Department
2551 3393 26 21 in
2591 3392 68 23 1962.

1782 1918 98 21 Ilobert
1894 1919 30 21 O.
1940 1919 105 21 Schulze

1788 2682 104 21 Merton
1906 2683 28 20 P.
1950 2683 83 20 Stoltz

2259 3472 356 59 Pembroke

2217 3559 22 21 A
2257 3559 111 26 position
2386 3560 27 22 of
2431 3561 73 22 Dean
2523 3561 27 23 of
2567 3561 123 23 Students

2185 3591 46 22 has
2244 3591 64 23 been
2321 3593 106 22 created
2439 3594 28 22 at
2479 3594 142 22 Pembroke
2634 3594 42 22 Col-

2185 3624 63 26 lege.

2217 3655 99 23 Named
2337 3657 27 22 to
2383 3657 41 22 fill
2444 3658 45 21 the
2508 3658 58 26 post
2585 3658 21 21 is
2627 3658 61 22 Mrs.

2185 3688 71 21 Ruth
2274 3688 122 27 Dohring.
2416 3689 51 23 She
2485 3690 22 22 is
2526 3690 44 22 the
2588 3690 101 21 mother

2184 3719 27 22 of
2227 3720 73 23 three
2317 3721 121 22 children.

2215 3752 54 22 The
2288 3758 57 16 new
2365 3754 65 21 dean
2450 3753 52 22 will
2521 3759 101 16 assume
2641 3753 46 22 her

2184 3784 83 22 duties
2284 3790 32 16 on
2333 3784 111 22 October
2461 3784 20 22 1.

2214 3816 63 22 Miss
2290 3817 141 25 Rosemary
2442 3816 97 21 Pierrel
2552 3815 131 23 continues

2184 3847 26 22 in
2228 3848 47 21 her
2294 3847 109 26 position
2424 3853 27 15 as
2472 3847 72 20 Dean
2565 3846 27 21 of
2611 3847 54 20 Pem-

2182 3879 78 21 broke
2277 3878 107 26 College,
2399 3878 61 21 with
2476 3877 62 22 Miss
2553 3877 128 22 Gretchen

2180 3910 84 22 Tonks
2281 3916 28 15 as
2324 3910 46 21 her
2385 3909 129 23 assistant.
2531 3909 63 21 Miss
2610 3909 56 21 Pier-

2180 3942 38 21 rel
2231 3942 21 21 is
2266 3940 136 27 beginning
2415 3940 47 23 her
2474 3940 88 21 fourth
2575 3946 62 20 year
2650 3946 28 16 as

2178 3973 65 22 head
2258 3973 28 21 of
2300 3973 44 21 the
2359 3972 141 22 Pembroke
2516 3972 116 27 deanery.

1133 2684 83 21 Stoltz
1434 2684 71 26 Page
1518 2684 21 24 3,
1555 2683 52 22 Col,
1621 2683 15 21 3

77 2024 94 20 Pfautz
381 2023 70 26 Page
464 2023 21 24 3,
501 2023 52 21 Col.
569 2022 14 20 1

70 3975 91 23 Africa
379 3979 70 26 Page
460 3978 23 26 4,
497 3978 52 21 Col.
563 3977 14 22 5
