<?xml version="1.0" encoding="UTF-8"?>
<alto xmlns:xsi="http://www.w3.org/2001/XMLSchema-instance" xmlns="http://www.loc.gov/standards/alto/ns-v2#" xsi:schemaLocation="http://www.loc.gov/standards/alto/ns-v2# http://www.loc.gov/standards/alto/v2/alto-2-0.xsd" xmlns:xlink="http://www.w3.org/1999/xlink">
	<Description>
		<MeasurementUnit>pixel</MeasurementUnit>
		<sourceImageInformation>
			<fileName>../11_03/BDH_1995_12_11_00029.jp2</fileName>
		</sourceImageInformation>
		<OCRProcessing ID="OCRPROCESSING_1">
			<preProcessingStep>
				<processingSoftware>
					<softwareCreator>CCS Content Conversion Specialists GmbH, Germany</softwareCreator>
					<softwareName>CCS docWorks</softwareName>
					<softwareVersion>7.0-1.4</softwareVersion>
				</processingSoftware>
			</preProcessingStep>
			<ocrProcessingStep>
				<processingSoftware>
					<softwareCreator>ABBYY (BIT Software), Russia</softwareCreator>
					<softwareName>FineReader</softwareName>
					<softwareVersion>11.0</softwareVersion>
				</processingSoftware>
			</ocrProcessingStep>
			<postProcessingStep>
				<processingSoftware>
					<softwareCreator>CCS Content Conversion Specialists GmbH, Germany</softwareCreator>
					<softwareName>CCS docWorks</softwareName>
					<softwareVersion>7.0-1.4</softwareVersion>
					<applicationDescription>docWorks: Text modified manually, or automatically replaced</applicationDescription>
				</processingSoftware>
			</postProcessingStep>
		</OCRProcessing>
	</Description>
	<Styles>
		<TextStyle ID="TXT_0" FONTSIZE="9" FONTFAMILY="Times New Roman"/>
		<TextStyle ID="TXT_1" FONTSIZE="9" FONTFAMILY="Times New Roman" FONTSTYLE="bold"/>
		<TextStyle ID="TXT_2" FONTSIZE="9" FONTFAMILY="Times New Roman" FONTSTYLE="italics"/>
		<TextStyle ID="TXT_3" FONTSIZE="7" FONTFAMILY="Times New Roman"/>
		<TextStyle ID="TXT_4" FONTSIZE="10" FONTFAMILY="Times New Roman"/>
		<TextStyle ID="TXT_5" FONTSIZE="13" FONTFAMILY="Times New Roman" FONTSTYLE="bold"/>
		<TextStyle ID="TXT_6" FONTSIZE="37" FONTFAMILY="Arial"/>
		<ParagraphStyle ID="PAR_LEFT" ALIGN="Left"/>
		<ParagraphStyle ID="PAR_BLOCK" ALIGN="Block"/>
		<ParagraphStyle ID="PAR_RIGHT" ALIGN="Right"/>
	</Styles>
	<Layout>
		<Page ID="P29" PHYSICAL_IMG_NR="29" HEIGHT="4141" WIDTH="3126" PRINTED_IMG_NR="27" PC="0.954">
			<TopMargin ID="P29_TM00001" HPOS="0" VPOS="0" WIDTH="3126" HEIGHT="115"/>
			<LeftMargin ID="P29_LM00001" HPOS="0" VPOS="115" WIDTH="0" HEIGHT="4014"/>
			<RightMargin ID="P29_RM00001" HPOS="2972" VPOS="115" WIDTH="154" HEIGHT="4014"/>
			<BottomMargin ID="P29_BM00001" HPOS="0" VPOS="4129" WIDTH="3126" HEIGHT="13"/>
			<PrintSpace ID="P29_PS00001" HPOS="0" VPOS="115" WIDTH="2972" HEIGHT="4014">
				<TextBlock ID="P29_TB00001" HPOS="0" VPOS="115" WIDTH="1406" HEIGHT="1139" language="en" STYLEREFS="TXT_0 PAR_LEFT">
					<TextLine ID="P29_TL00001" HPOS="2" VPOS="115" WIDTH="1403" HEIGHT="61">
						<String ID="P29_ST00001" HPOS="2" VPOS="115" WIDTH="113" HEIGHT="61" CONTENT="ourse" WC="0.72" CC="70140"/>
						<SP ID="P29_SP00001" HPOS="115" VPOS="176" WIDTH="11"/>
						<String ID="P29_ST00002" HPOS="126" VPOS="115" WIDTH="44" HEIGHT="36" CONTENT="of" WC="1.00" CC="00"/>
						<SP ID="P29_SP00002" HPOS="170" VPOS="176" WIDTH="11"/>
						<String ID="P29_ST00003" HPOS="181" VPOS="117" WIDTH="66" HEIGHT="35" CONTENT="the" WC="0.98" CC="320"/>
						<SP ID="P29_SP00003" HPOS="247" VPOS="176" WIDTH="13"/>
						<String ID="P29_ST00004" HPOS="260" VPOS="129" WIDTH="93" HEIGHT="36" CONTENT="year" WC="0.98" CC="3006"/>
						<SP ID="P29_SP00004" HPOS="353" VPOS="176" WIDTH="14"/>
						<String ID="P29_ST00005" HPOS="367" VPOS="118" WIDTH="13" HEIGHT="35" CONTENT="I" WC="1.00" CC="0"/>
						<SP ID="P29_SP00005" HPOS="380" VPOS="176" WIDTH="16"/>
						<String ID="P29_ST00006" HPOS="395" VPOS="118" WIDTH="85" HEIGHT="36" CONTENT="find" WC="0.99" CC="4100"/>
						<SP ID="P29_SP00006" HPOS="480" VPOS="176" WIDTH="16"/>
						<String ID="P29_ST00007" HPOS="496" VPOS="120" WIDTH="65" HEIGHT="36" CONTENT="the" WC="0.99" CC="200"/>
						<SP ID="P29_SP00007" HPOS="561" VPOS="176" WIDTH="14"/>
						<String ID="P29_ST00008" HPOS="575" VPOS="121" WIDTH="181" HEIGHT="50" CONTENT="teaching" WC="1.00" CC="00020060"/>
						<SP ID="P29_SP00008" HPOS="756" VPOS="176" WIDTH="14"/>
						<String ID="P29_ST00009" HPOS="770" VPOS="124" WIDTH="326" HEIGHT="52" CONTENT="overwhelming," WC="1.00" CC="0004000000300"/>
						<SP ID="P29_SP00009" HPOS="1096" VPOS="176" WIDTH="14"/>
						<String ID="P29_ST00010" HPOS="1110" VPOS="139" WIDTH="46" HEIGHT="25" CONTENT="so" WC="0.98" CC="00"/>
						<SP ID="P29_SP00010" HPOS="1156" VPOS="176" WIDTH="14"/>
						<String ID="P29_ST00011" HPOS="1170" VPOS="129" WIDTH="82" HEIGHT="36" CONTENT="that" WC="0.98" CC="6003"/>
						<SP ID="P29_SP00011" HPOS="1252" VPOS="176" WIDTH="13"/>
						<String ID="P29_ST00012" HPOS="1265" VPOS="131" WIDTH="140" HEIGHT="38" CONTENT="there's" WC="1.00" CC="2001040"/>
					</TextLine>
					<TextLine ID="P29_TL00002" HPOS="2" VPOS="170" WIDTH="899" HEIGHT="57">
						<String ID="P29_ST00013" HPOS="2" VPOS="181" WIDTH="69" HEIGHT="39" CONTENT="ery" WC="0.68" CC="350"/>
						<SP ID="P29_SP00012" HPOS="71" VPOS="220" WIDTH="13"/>
						<String ID="P29_ST00014" HPOS="83" VPOS="170" WIDTH="94" HEIGHT="38" CONTENT="little" WC="1.00" CC="010020"/>
						<SP ID="P29_SP00013" HPOS="178" VPOS="220" WIDTH="16"/>
						<String ID="P29_ST00015" HPOS="194" VPOS="175" WIDTH="94" HEIGHT="36" CONTENT="time" WC="0.99" CC="2020"/>
						<SP ID="P29_SP00014" HPOS="288" VPOS="220" WIDTH="14"/>
						<String ID="P29_ST00016" HPOS="302" VPOS="178" WIDTH="41" HEIGHT="33" CONTENT="to" WC="0.78" CC="04"/>
						<SP ID="P29_SP00015" HPOS="343" VPOS="220" WIDTH="16"/>
						<String ID="P29_ST00017" HPOS="359" VPOS="175" WIDTH="54" HEIGHT="36" CONTENT="do" WC="0.78" CC="04"/>
						<SP ID="P29_SP00016" HPOS="413" VPOS="220" WIDTH="14"/>
						<String ID="P29_ST00018" HPOS="427" VPOS="176" WIDTH="274" HEIGHT="50" CONTENT="independent" WC="1.00" CC="00000000000"/>
						<SP ID="P29_SP00017" HPOS="701" VPOS="227" WIDTH="14"/>
						<String ID="P29_ST00019" HPOS="715" VPOS="181" WIDTH="186" HEIGHT="36" CONTENT="research." WC="1.00" CC="200003300"/>
					</TextLine>
					<TextLine ID="P29_TL00003" HPOS="41" VPOS="228" WIDTH="1233" HEIGHT="61">
						<String ID="P29_ST00020" HPOS="41" VPOS="228" WIDTH="60" HEIGHT="36" CONTENT="Do" WC="0.57" CC="25" STYLEREFS="TXT_1"/>
						<SP ID="P29_SP00018" HPOS="101" VPOS="265" WIDTH="16"/>
						<String ID="P29_ST00021" HPOS="117" VPOS="238" WIDTH="71" HEIGHT="36" CONTENT="you" WC="1.00" CC="000" STYLEREFS="TXT_1"/>
						<SP ID="P29_SP00019" HPOS="187" VPOS="274" WIDTH="17"/>
						<String ID="P29_ST00022" HPOS="205" VPOS="228" WIDTH="104" HEIGHT="36" CONTENT="think" WC="0.98" CC="60205" STYLEREFS="TXT_1"/>
						<SP ID="P29_SP00020" HPOS="309" VPOS="274" WIDTH="16"/>
						<String ID="P29_ST00023" HPOS="324" VPOS="230" WIDTH="80" HEIGHT="36" CONTENT="that" WC="0.97" CC="5602" STYLEREFS="TXT_1"/>
						<SP ID="P29_SP00021" HPOS="405" VPOS="274" WIDTH="16"/>
						<String ID="P29_ST00024" HPOS="420" VPOS="230" WIDTH="112" HEIGHT="52" CONTENT="being" WC="1.00" CC="00030" STYLEREFS="TXT_1"/>
						<SP ID="P29_SP00022" HPOS="532" VPOS="282" WIDTH="14"/>
						<String ID="P29_ST00025" HPOS="546" VPOS="244" WIDTH="22" HEIGHT="25" CONTENT="a" WC="0.69" CC="3" STYLEREFS="TXT_1"/>
						<SP ID="P29_SP00023" HPOS="569" VPOS="282" WIDTH="14"/>
						<String ID="P29_ST00026" HPOS="583" VPOS="246" WIDTH="153" HEIGHT="25" CONTENT="woman" WC="0.99" CC="40300" STYLEREFS="TXT_1"/>
						<SP ID="P29_SP00024" HPOS="735" VPOS="282" WIDTH="17"/>
						<String ID="P29_ST00027" HPOS="753" VPOS="235" WIDTH="206" HEIGHT="39" CONTENT="influences" WC="0.99" CC="0670305273" STYLEREFS="TXT_1"/>
						<SP ID="P29_SP00025" HPOS="959" VPOS="282" WIDTH="14"/>
						<String ID="P29_ST00028" HPOS="973" VPOS="249" WIDTH="93" HEIGHT="38" CONTENT="your" WC="0.98" CC="0401" STYLEREFS="TXT_1"/>
						<SP ID="P29_SP00026" HPOS="1066" VPOS="287" WIDTH="16"/>
						<String ID="P29_ST00029" HPOS="1082" VPOS="239" WIDTH="192" HEIGHT="50" CONTENT="teaching?" WC="0.99" CC="400041603" STYLEREFS="TXT_1"/>
					</TextLine>
					<TextLine ID="P29_TL00004" HPOS="2" VPOS="283" WIDTH="1402" HEIGHT="65">
						<String ID="P29_ST00030" HPOS="2" VPOS="283" WIDTH="17" HEIGHT="65" CONTENT="l." WC="0.63" CC="70"/>
						<SP ID="P29_SP00027" HPOS="19" VPOS="348" WIDTH="19"/>
						<String ID="P29_ST00031" HPOS="38" VPOS="283" WIDTH="28" HEIGHT="36" CONTENT="It" WC="0.66" CC="06"/>
						<SP ID="P29_SP00028" HPOS="66" VPOS="348" WIDTH="16"/>
						<String ID="P29_ST00032" HPOS="82" VPOS="285" WIDTH="192" HEIGHT="49" CONTENT="probably" WC="1.00" CC="00110060"/>
						<SP ID="P29_SP00029" HPOS="274" VPOS="348" WIDTH="16"/>
						<String ID="P29_ST00033" HPOS="290" VPOS="287" WIDTH="109" HEIGHT="38" CONTENT="does." WC="1.00" CC="00000"/>
						<SP ID="P29_SP00030" HPOS="398" VPOS="348" WIDTH="19"/>
						<String ID="P29_ST00034" HPOS="417" VPOS="290" WIDTH="13" HEIGHT="35" CONTENT="I" WC="1.00" CC="0"/>
						<SP ID="P29_SP00031" HPOS="430" VPOS="348" WIDTH="17"/>
						<String ID="P29_ST00035" HPOS="447" VPOS="290" WIDTH="112" HEIGHT="36" CONTENT="think" WC="0.99" CC="20100"/>
						<SP ID="P29_SP00032" HPOS="559" VPOS="348" WIDTH="16"/>
						<String ID="P29_ST00036" HPOS="575" VPOS="290" WIDTH="82" HEIGHT="38" CONTENT="that" WC="0.99" CC="3001"/>
						<SP ID="P29_SP00033" HPOS="657" VPOS="348" WIDTH="17"/>
						<String ID="P29_ST00037" HPOS="674" VPOS="291" WIDTH="106" HEIGHT="38" CONTENT="there" WC="1.00" CC="20000"/>
						<SP ID="P29_SP00034" HPOS="780" VPOS="348" WIDTH="16"/>
						<String ID="P29_ST00038" HPOS="795" VPOS="307" WIDTH="65" HEIGHT="24" CONTENT="are" WC="1.00" CC="000"/>
						<SP ID="P29_SP00035" HPOS="860" VPOS="348" WIDTH="16"/>
						<String ID="P29_ST00039" HPOS="876" VPOS="307" WIDTH="140" HEIGHT="38" CONTENT="ranges" WC="0.99" CC="027000"/>
						<SP ID="P29_SP00036" HPOS="1016" VPOS="348" WIDTH="16"/>
						<String ID="P29_ST00040" HPOS="1031" VPOS="298" WIDTH="44" HEIGHT="36" CONTENT="of" WC="0.84" CC="03"/>
						<SP ID="P29_SP00037" HPOS="1076" VPOS="348" WIDTH="13"/>
						<String ID="P29_ST00041" HPOS="1088" VPOS="299" WIDTH="156" HEIGHT="49" CONTENT="people," WC="0.99" CC="0000504"/>
						<SP ID="P29_SP00038" HPOS="1244" VPOS="348" WIDTH="17"/>
						<String ID="P29_ST00042" HPOS="1261" VPOS="312" WIDTH="44" HEIGHT="25" CONTENT="so" WC="0.92" CC="01"/>
						<SP ID="P29_SP00039" HPOS="1306" VPOS="348" WIDTH="16"/>
						<String ID="P29_ST00043" HPOS="1321" VPOS="301" WIDTH="82" HEIGHT="38" CONTENT="that" WC="0.99" CC="1003"/>
					</TextLine>
					<TextLine ID="P29_TL00005" HPOS="2" VPOS="345" WIDTH="1400" HEIGHT="52">
						<String ID="P29_ST00044" HPOS="2" VPOS="345" WIDTH="79" HEIGHT="52" CONTENT="tere" WC="0.73" CC="8010"/>
						<SP ID="P29_SP00040" HPOS="80" VPOS="397" WIDTH="17"/>
						<String ID="P29_ST00045" HPOS="98" VPOS="351" WIDTH="63" HEIGHT="25" CONTENT="are" WC="1.00" CC="000"/>
						<SP ID="P29_SP00041" HPOS="161" VPOS="397" WIDTH="17"/>
						<String ID="P29_ST00046" HPOS="178" VPOS="353" WIDTH="112" HEIGHT="25" CONTENT="some" WC="1.00" CC="0000"/>
						<SP ID="P29_SP00042" HPOS="290" VPOS="397" WIDTH="17"/>
						<String ID="P29_ST00047" HPOS="307" VPOS="356" WIDTH="93" HEIGHT="24" CONTENT="men" WC="1.00" CC="000"/>
						<SP ID="P29_SP00043" HPOS="400" VPOS="397" WIDTH="17"/>
						<String ID="P29_ST00048" HPOS="417" VPOS="345" WIDTH="93" HEIGHT="38" CONTENT="who" WC="0.99" CC="002"/>
						<SP ID="P29_SP00044" HPOS="510" VPOS="397" WIDTH="19"/>
						<String ID="P29_ST00049" HPOS="529" VPOS="359" WIDTH="63" HEIGHT="24" CONTENT="are" WC="1.00" CC="000"/>
						<SP ID="P29_SP00045" HPOS="592" VPOS="397" WIDTH="17"/>
						<String ID="P29_ST00050" HPOS="609" VPOS="350" WIDTH="120" HEIGHT="47" CONTENT="really" WC="0.99" CC="400450"/>
						<SP ID="P29_SP00046" HPOS="729" VPOS="397" WIDTH="19"/>
						<String ID="P29_ST00051" HPOS="748" VPOS="351" WIDTH="120" HEIGHT="35" CONTENT="much" WC="1.00" CC="0100"/>
						<SP ID="P29_SP00047" HPOS="868" VPOS="397" WIDTH="17"/>
						<String ID="P29_ST00052" HPOS="885" VPOS="364" WIDTH="109" HEIGHT="24" CONTENT="more" WC="0.99" CC="0130"/>
						<SP ID="P29_SP00048" HPOS="994" VPOS="397" WIDTH="19"/>
						<String ID="P29_ST00053" HPOS="1013" VPOS="353" WIDTH="74" HEIGHT="36" CONTENT="like" WC="0.99" CC="0500"/>
						<SP ID="P29_SP00049" HPOS="1087" VPOS="397" WIDTH="17"/>
						<String ID="P29_ST00054" HPOS="1104" VPOS="367" WIDTH="76" HEIGHT="30" CONTENT="me," WC="0.99" CC="003"/>
						<SP ID="P29_SP00050" HPOS="1180" VPOS="397" WIDTH="19"/>
						<String ID="P29_ST00055" HPOS="1198" VPOS="357" WIDTH="79" HEIGHT="35" CONTENT="and" WC="1.00" CC="000"/>
						<SP ID="P29_SP00051" HPOS="1277" VPOS="397" WIDTH="19"/>
						<String ID="P29_ST00056" HPOS="1296" VPOS="357" WIDTH="106" HEIGHT="38" CONTENT="there" WC="0.99" CC="40020"/>
					</TextLine>
					<TextLine ID="P29_TL00006" HPOS="2" VPOS="397" WIDTH="1398" HEIGHT="68">
						<String ID="P29_ST00057" HPOS="2" VPOS="397" WIDTH="35" HEIGHT="68" CONTENT="re" WC="0.74" CC="50"/>
						<SP ID="P29_SP00052" HPOS="36" VPOS="465" WIDTH="14"/>
						<String ID="P29_ST00058" HPOS="50" VPOS="397" WIDTH="191" HEIGHT="50" CONTENT="probably" WC="0.99" CC="06250040"/>
						<SP ID="P29_SP00053" HPOS="241" VPOS="465" WIDTH="16"/>
						<String ID="P29_ST00059" HPOS="257" VPOS="413" WIDTH="112" HEIGHT="25" CONTENT="some" WC="1.00" CC="0200"/>
						<SP ID="P29_SP00054" HPOS="369" VPOS="465" WIDTH="14"/>
						<String ID="P29_ST00060" HPOS="383" VPOS="413" WIDTH="161" HEIGHT="25" CONTENT="women" WC="0.98" CC="04406"/>
						<SP ID="P29_SP00055" HPOS="543" VPOS="465" WIDTH="16"/>
						<String ID="P29_ST00061" HPOS="559" VPOS="403" WIDTH="93" HEIGHT="38" CONTENT="who" WC="0.98" CC="023"/>
						<SP ID="P29_SP00056" HPOS="652" VPOS="465" WIDTH="16"/>
						<String ID="P29_ST00062" HPOS="668" VPOS="417" WIDTH="65" HEIGHT="24" CONTENT="are" WC="1.00" CC="000"/>
						<SP ID="P29_SP00057" HPOS="732" VPOS="465" WIDTH="14"/>
						<String ID="P29_ST00063" HPOS="746" VPOS="408" WIDTH="120" HEIGHT="36" CONTENT="much" WC="0.99" CC="0400"/>
						<SP ID="P29_SP00058" HPOS="866" VPOS="465" WIDTH="16"/>
						<String ID="P29_ST00064" HPOS="882" VPOS="420" WIDTH="109" HEIGHT="25" CONTENT="more" WC="0.99" CC="0150"/>
						<SP ID="P29_SP00059" HPOS="991" VPOS="465" WIDTH="16"/>
						<String ID="P29_ST00065" HPOS="1006" VPOS="409" WIDTH="76" HEIGHT="38" CONTENT="like" WC="1.00" CC="0000"/>
						<SP ID="P29_SP00060" HPOS="1082" VPOS="465" WIDTH="16"/>
						<String ID="P29_ST00066" HPOS="1098" VPOS="413" WIDTH="65" HEIGHT="35" CONTENT="the" WC="0.99" CC="300"/>
						<SP ID="P29_SP00061" HPOS="1162" VPOS="465" WIDTH="16"/>
						<String ID="P29_ST00067" HPOS="1178" VPOS="413" WIDTH="222" HEIGHT="52" CONTENT="archetypal" WC="1.00" CC="3040060000"/>
					</TextLine>
					<TextLine ID="P29_TL00007" HPOS="2" VPOS="455" WIDTH="1398" HEIGHT="62">
						<String ID="P29_ST00068" HPOS="2" VPOS="455" WIDTH="72" HEIGHT="61" CONTENT="ran." WC="0.97" CC="7070"/>
						<SP ID="P29_SP00062" HPOS="74" VPOS="517" WIDTH="24"/>
						<String ID="P29_ST00069" HPOS="98" VPOS="455" WIDTH="13" HEIGHT="35" CONTENT="I" WC="1.00" CC="0"/>
						<SP ID="P29_SP00063" HPOS="110" VPOS="517" WIDTH="20"/>
						<String ID="P29_ST00070" HPOS="131" VPOS="455" WIDTH="93" HEIGHT="35" CONTENT="tend" WC="1.00" CC="0000"/>
						<SP ID="P29_SP00064" HPOS="224" VPOS="517" WIDTH="22"/>
						<String ID="P29_ST00071" HPOS="246" VPOS="461" WIDTH="39" HEIGHT="30" CONTENT="to" WC="1.00" CC="00"/>
						<SP ID="P29_SP00065" HPOS="285" VPOS="517" WIDTH="22"/>
						<String ID="P29_ST00072" HPOS="307" VPOS="455" WIDTH="112" HEIGHT="38" CONTENT="think" WC="0.99" CC="10500"/>
						<SP ID="P29_SP00066" HPOS="419" VPOS="517" WIDTH="20"/>
						<String ID="P29_ST00073" HPOS="439" VPOS="458" WIDTH="43" HEIGHT="36" CONTENT="of" WC="0.89" CC="10"/>
						<SP ID="P29_SP00067" HPOS="482" VPOS="517" WIDTH="19"/>
						<String ID="P29_ST00074" HPOS="501" VPOS="460" WIDTH="65" HEIGHT="36" CONTENT="the" WC="0.99" CC="200"/>
						<SP ID="P29_SP00068" HPOS="565" VPOS="517" WIDTH="22"/>
						<String ID="P29_ST00075" HPOS="587" VPOS="472" WIDTH="91" HEIGHT="25" CONTENT="men" WC="1.00" CC="000"/>
						<SP ID="P29_SP00069" HPOS="679" VPOS="517" WIDTH="20"/>
						<String ID="P29_ST00076" HPOS="699" VPOS="463" WIDTH="13" HEIGHT="35" CONTENT="I" WC="1.00" CC="0"/>
						<SP ID="P29_SP00070" HPOS="712" VPOS="517" WIDTH="22"/>
						<String ID="P29_ST00077" HPOS="734" VPOS="463" WIDTH="118" HEIGHT="36" CONTENT="know" WC="0.98" CC="0730"/>
						<SP ID="P29_SP00071" HPOS="852" VPOS="517" WIDTH="20"/>
						<String ID="P29_ST00078" HPOS="872" VPOS="465" WIDTH="94" HEIGHT="36" CONTENT="who" WC="1.00" CC="000"/>
						<SP ID="P29_SP00072" HPOS="967" VPOS="517" WIDTH="20"/>
						<String ID="P29_ST00079" HPOS="987" VPOS="477" WIDTH="63" HEIGHT="25" CONTENT="are" WC="0.97" CC="240"/>
						<SP ID="P29_SP00073" HPOS="1050" VPOS="517" WIDTH="20"/>
						<String ID="P29_ST00080" HPOS="1071" VPOS="479" WIDTH="96" HEIGHT="38" CONTENT="very" WC="1.00" CC="1000"/>
						<SP ID="P29_SP00074" HPOS="1167" VPOS="517" WIDTH="20"/>
						<String ID="P29_ST00081" HPOS="1187" VPOS="471" WIDTH="213" HEIGHT="36" CONTENT="successful" WC="0.99" CC="0400000557"/>
					</TextLine>
					<TextLine ID="P29_TL00008" HPOS="2" VPOS="509" WIDTH="1397" HEIGHT="65">
						<String ID="P29_ST00082" HPOS="2" VPOS="509" WIDTH="142" HEIGHT="65" CONTENT=":achers" WC="0.88" CC="8000000"/>
						<SP ID="P29_SP00075" HPOS="143" VPOS="573" WIDTH="17"/>
						<String ID="P29_ST00083" HPOS="161" VPOS="524" WIDTH="41" HEIGHT="24" CONTENT="as" WC="1.00" CC="00"/>
						<SP ID="P29_SP00076" HPOS="202" VPOS="573" WIDTH="14"/>
						<String ID="P29_ST00084" HPOS="216" VPOS="512" WIDTH="120" HEIGHT="50" CONTENT="being" WC="0.99" CC="00004"/>
						<SP ID="P29_SP00077" HPOS="335" VPOS="573" WIDTH="14"/>
						<String ID="P29_ST00085" HPOS="350" VPOS="526" WIDTH="96" HEIGHT="38" CONTENT="very" WC="1.00" CC="0000"/>
						<SP ID="P29_SP00078" HPOS="446" VPOS="573" WIDTH="16"/>
						<String ID="P29_ST00086" HPOS="461" VPOS="517" WIDTH="211" HEIGHT="44" CONTENT="theatrical," WC="0.99" CC="64006522064"/>
						<SP ID="P29_SP00079" HPOS="672" VPOS="573" WIDTH="14"/>
						<String ID="P29_ST00087" HPOS="687" VPOS="520" WIDTH="93" HEIGHT="36" CONTENT="who" WC="1.00" CC="000"/>
						<SP ID="P29_SP00080" HPOS="780" VPOS="573" WIDTH="16"/>
						<String ID="P29_ST00088" HPOS="795" VPOS="532" WIDTH="72" HEIGHT="25" CONTENT="can" WC="0.97" CC="007"/>
						<SP ID="P29_SP00081" HPOS="868" VPOS="573" WIDTH="14"/>
						<String ID="P29_ST00089" HPOS="882" VPOS="521" WIDTH="96" HEIGHT="38" CONTENT="hold" WC="1.00" CC="0020"/>
						<SP ID="P29_SP00082" HPOS="978" VPOS="573" WIDTH="17"/>
						<String ID="P29_ST00090" HPOS="995" VPOS="534" WIDTH="19" HEIGHT="25" CONTENT="a" WC="1.00" CC="0"/>
						<SP ID="P29_SP00083" HPOS="1014" VPOS="573" WIDTH="17"/>
						<String ID="P29_ST00091" HPOS="1031" VPOS="524" WIDTH="106" HEIGHT="49" CONTENT="large" WC="1.00" CC="20000"/>
						<SP ID="P29_SP00084" HPOS="1137" VPOS="573" WIDTH="16"/>
						<String ID="P29_ST00092" HPOS="1153" VPOS="524" WIDTH="142" HEIGHT="38" CONTENT="lecture" WC="1.00" CC="0010300"/>
						<SP ID="P29_SP00085" HPOS="1294" VPOS="573" WIDTH="14"/>
						<String ID="P29_ST00093" HPOS="1309" VPOS="528" WIDTH="90" HEIGHT="43" CONTENT="hall," WC="0.98" CC="00444"/>
					</TextLine>
					<TextLine ID="P29_TL00009" HPOS="2" VPOS="565" WIDTH="1397" HEIGHT="56">
						<String ID="P29_ST00094" HPOS="2" VPOS="565" WIDTH="46" HEIGHT="55" CONTENT="ke" WC="1.00" CC="00"/>
						<SP ID="P29_SP00086" HPOS="47" VPOS="620" WIDTH="17"/>
						<String ID="P29_ST00095" HPOS="65" VPOS="570" WIDTH="39" HEIGHT="33" CONTENT="to" WC="0.88" CC="20"/>
						<SP ID="P29_SP00087" HPOS="104" VPOS="620" WIDTH="16"/>
						<String ID="P29_ST00096" HPOS="120" VPOS="567" WIDTH="137" HEIGHT="36" CONTENT="banter" WC="0.99" CC="037003"/>
						<SP ID="P29_SP00088" HPOS="257" VPOS="620" WIDTH="17"/>
						<String ID="P29_ST00097" HPOS="274" VPOS="570" WIDTH="98" HEIGHT="36" CONTENT="with" WC="1.00" CC="0200"/>
						<SP ID="P29_SP00089" HPOS="372" VPOS="620" WIDTH="19"/>
						<String ID="P29_ST00098" HPOS="391" VPOS="570" WIDTH="66" HEIGHT="36" CONTENT="the" WC="1.00" CC="100"/>
						<SP ID="P29_SP00090" HPOS="457" VPOS="620" WIDTH="17"/>
						<String ID="P29_ST00099" HPOS="474" VPOS="573" WIDTH="192" HEIGHT="44" CONTENT="students," WC="0.99" CC="025000654"/>
						<SP ID="P29_SP00091" HPOS="666" VPOS="620" WIDTH="19"/>
						<String ID="P29_ST00100" HPOS="685" VPOS="576" WIDTH="79" HEIGHT="35" CONTENT="and" WC="1.00" CC="000"/>
						<SP ID="P29_SP00092" HPOS="764" VPOS="620" WIDTH="20"/>
						<String ID="P29_ST00101" HPOS="784" VPOS="576" WIDTH="82" HEIGHT="36" CONTENT="also" WC="0.99" CC="0500"/>
						<SP ID="P29_SP00093" HPOS="866" VPOS="620" WIDTH="19"/>
						<String ID="P29_ST00102" HPOS="885" VPOS="578" WIDTH="93" HEIGHT="35" CONTENT="tend" WC="0.99" CC="4000"/>
						<SP ID="P29_SP00094" HPOS="978" VPOS="620" WIDTH="19"/>
						<String ID="P29_ST00103" HPOS="997" VPOS="584" WIDTH="39" HEIGHT="30" CONTENT="to" WC="0.64" CC="51"/>
						<SP ID="P29_SP00095" HPOS="1036" VPOS="620" WIDTH="17"/>
						<String ID="P29_ST00104" HPOS="1054" VPOS="580" WIDTH="49" HEIGHT="36" CONTENT="be" WC="1.00" CC="00"/>
						<SP ID="P29_SP00096" HPOS="1102" VPOS="620" WIDTH="17"/>
						<String ID="P29_ST00105" HPOS="1120" VPOS="583" WIDTH="120" HEIGHT="35" CONTENT="much" WC="0.99" CC="0012"/>
						<SP ID="P29_SP00097" HPOS="1239" VPOS="620" WIDTH="17"/>
						<String ID="P29_ST00106" HPOS="1257" VPOS="583" WIDTH="142" HEIGHT="38" CONTENT="clearer" WC="1.00" CC="0300200"/>
					</TextLine>
					<TextLine ID="P29_TL00010" HPOS="2" VPOS="624" WIDTH="1395" HEIGHT="65">
						<String ID="P29_ST00107" HPOS="2" VPOS="624" WIDTH="90" HEIGHT="65" CONTENT="bout" WC="0.97" CC="7034"/>
						<SP ID="P29_SP00098" HPOS="91" VPOS="688" WIDTH="11"/>
						<String ID="P29_ST00108" HPOS="102" VPOS="624" WIDTH="109" HEIGHT="38" CONTENT="what" WC="0.99" CC="0004"/>
						<SP ID="P29_SP00099" HPOS="211" VPOS="688" WIDTH="13"/>
						<String ID="P29_ST00109" HPOS="224" VPOS="625" WIDTH="99" HEIGHT="38" CONTENT="their" WC="0.99" CC="40002"/>
						<SP ID="P29_SP00100" HPOS="323" VPOS="688" WIDTH="14"/>
						<String ID="P29_ST00110" HPOS="337" VPOS="628" WIDTH="211" HEIGHT="36" CONTENT="standards" WC="0.99" CC="030705200"/>
						<SP ID="P29_SP00101" HPOS="548" VPOS="688" WIDTH="14"/>
						<String ID="P29_ST00111" HPOS="562" VPOS="630" WIDTH="60" HEIGHT="36" CONTENT="for" WC="0.97" CC="330"/>
						<SP ID="P29_SP00102" HPOS="622" VPOS="688" WIDTH="14"/>
						<String ID="P29_ST00112" HPOS="636" VPOS="631" WIDTH="140" HEIGHT="49" CONTENT="grades" WC="1.00" CC="010000"/>
						<SP ID="P29_SP00103" HPOS="776" VPOS="688" WIDTH="16"/>
						<String ID="P29_ST00113" HPOS="792" VPOS="646" WIDTH="65" HEIGHT="24" CONTENT="are" WC="0.97" CC="430"/>
						<SP ID="P29_SP00104" HPOS="857" VPOS="688" WIDTH="72"/>
						<String ID="P29_ST00114" HPOS="929" VPOS="635" WIDTH="76" HEIGHT="36" CONTENT="this" WC="0.99" CC="3020"/>
						<SP ID="P29_SP00105" HPOS="1005" VPOS="688" WIDTH="16"/>
						<String ID="P29_ST00115" HPOS="1020" VPOS="638" WIDTH="30" HEIGHT="35" CONTENT="is" WC="1.00" CC="00"/>
						<SP ID="P29_SP00106" HPOS="1050" VPOS="688" WIDTH="14"/>
						<String ID="P29_ST00116" HPOS="1065" VPOS="636" WIDTH="213" HEIGHT="52" CONTENT="obviously" WC="0.99" CC="030403040"/>
						<SP ID="P29_SP00107" HPOS="1277" VPOS="688" WIDTH="14"/>
						<String ID="P29_ST00117" HPOS="1291" VPOS="652" WIDTH="19" HEIGHT="24" CONTENT="a" WC="0.71" CC="2"/>
						<SP ID="P29_SP00108" HPOS="1310" VPOS="688" WIDTH="16"/>
						<String ID="P29_ST00118" HPOS="1326" VPOS="646" WIDTH="54" HEIGHT="31" CONTENT="ste" SUBS_TYPE="HypPart1" SUBS_CONTENT="ste:otype." WC="0.70" CC="060"/>
						<HYP HPOS="1380" VPOS="646" WIDTH="17" CONTENT="-"/>
					</TextLine>
					<TextLine ID="P29_TL00011" HPOS="2" VPOS="682" WIDTH="1395" HEIGHT="65">
						<String ID="P29_ST00119" HPOS="2" VPOS="682" WIDTH="139" HEIGHT="65" CONTENT=":otype." SUBS_TYPE="HypPart2" SUBS_CONTENT="ste:otype." WC="0.86" CC="8010000"/>
						<SP ID="P29_SP00109" HPOS="140" VPOS="746" WIDTH="20"/>
						<String ID="P29_ST00120" HPOS="161" VPOS="682" WIDTH="14" HEIGHT="35" CONTENT="I" WC="1.00" CC="0"/>
						<SP ID="P29_SP00110" HPOS="175" VPOS="746" WIDTH="20"/>
						<String ID="P29_ST00121" HPOS="195" VPOS="682" WIDTH="148" HEIGHT="50" CONTENT="always" WC="1.00" CC="050000"/>
						<SP ID="P29_SP00111" HPOS="343" VPOS="746" WIDTH="20"/>
						<String ID="P29_ST00122" HPOS="364" VPOS="694" WIDTH="71" HEIGHT="39" CONTENT="say" WC="0.99" CC="010"/>
						<SP ID="P29_SP00112" HPOS="435" VPOS="746" WIDTH="20"/>
						<String ID="P29_ST00123" HPOS="455" VPOS="683" WIDTH="60" HEIGHT="38" CONTENT="for" WC="0.95" CC="652"/>
						<SP ID="P29_SP00113" HPOS="515" VPOS="746" WIDTH="20"/>
						<String ID="P29_ST00124" HPOS="535" VPOS="687" WIDTH="143" HEIGHT="47" CONTENT="myself" WC="1.00" CC="000010"/>
						<SP ID="P29_SP00114" HPOS="679" VPOS="746" WIDTH="17"/>
						<String ID="P29_ST00125" HPOS="696" VPOS="688" WIDTH="82" HEIGHT="36" CONTENT="that" WC="0.98" CC="0511"/>
						<SP ID="P29_SP00115" HPOS="778" VPOS="746" WIDTH="19"/>
						<String ID="P29_ST00126" HPOS="797" VPOS="690" WIDTH="121" HEIGHT="36" CONTENT="when" WC="0.99" CC="0006"/>
						<SP ID="P29_SP00116" HPOS="918" VPOS="746" WIDTH="19"/>
						<String ID="P29_ST00127" HPOS="937" VPOS="691" WIDTH="27" HEIGHT="35" CONTENT="it" WC="0.63" CC="43"/>
						<SP ID="P29_SP00117" HPOS="964" VPOS="746" WIDTH="19"/>
						<String ID="P29_ST00128" HPOS="983" VPOS="704" WIDTH="134" HEIGHT="25" CONTENT="comes" WC="1.00" CC="00000"/>
						<SP ID="P29_SP00118" HPOS="1117" VPOS="746" WIDTH="20"/>
						<String ID="P29_ST00129" HPOS="1137" VPOS="699" WIDTH="39" HEIGHT="31" CONTENT="to" WC="0.59" CC="34"/>
						<SP ID="P29_SP00119" HPOS="1176" VPOS="746" WIDTH="20"/>
						<String ID="P29_ST00130" HPOS="1197" VPOS="698" WIDTH="200" HEIGHT="49" CONTENT="assigning" WC="1.00" CC="000000060"/>
					</TextLine>
					<TextLine ID="P29_TL00012" HPOS="2" VPOS="735" WIDTH="1395" HEIGHT="67">
						<String ID="P29_ST00131" HPOS="2" VPOS="735" WIDTH="120" HEIGHT="66" CONTENT="rades," WC="0.83" CC="600003"/>
						<SP ID="P29_SP00120" HPOS="121" VPOS="802" WIDTH="14"/>
						<String ID="P29_ST00132" HPOS="135" VPOS="737" WIDTH="71" HEIGHT="38" CONTENT="I'm" WC="1.00" CC="000"/>
						<SP ID="P29_SP00121" HPOS="206" VPOS="802" WIDTH="14"/>
						<String ID="P29_ST00133" HPOS="220" VPOS="751" WIDTH="19" HEIGHT="24" CONTENT="a" WC="0.52" CC="4"/>
						<SP ID="P29_SP00122" HPOS="239" VPOS="802" WIDTH="14"/>
						<String ID="P29_ST00134" HPOS="254" VPOS="742" WIDTH="342" HEIGHT="47" CONTENT="post-modernist;" WC="1.00" CC="020700100450021"/>
						<SP ID="P29_SP00123" HPOS="595" VPOS="802" WIDTH="14"/>
						<String ID="P29_ST00135" HPOS="609" VPOS="743" WIDTH="13" HEIGHT="36" CONTENT="I" WC="1.00" CC="0"/>
						<SP ID="P29_SP00124" HPOS="622" VPOS="802" WIDTH="14"/>
						<String ID="P29_ST00136" HPOS="636" VPOS="745" WIDTH="134" HEIGHT="38" CONTENT="waffle" WC="1.00" CC="000050"/>
						<SP ID="P29_SP00125" HPOS="770" VPOS="802" WIDTH="9"/>
						<String ID="P29_ST00137" HPOS="780" VPOS="746" WIDTH="172" HEIGHT="38" CONTENT="because" WC="1.00" CC="2013000"/>
						<SP ID="P29_SP00126" HPOS="951" VPOS="802" WIDTH="11"/>
						<String ID="P29_ST00138" HPOS="962" VPOS="750" WIDTH="16" HEIGHT="35" CONTENT="I" WC="0.90" CC="0"/>
						<SP ID="P29_SP00127" HPOS="978" VPOS="802" WIDTH="11"/>
						<String ID="P29_ST00139" HPOS="989" VPOS="759" WIDTH="74" HEIGHT="27" CONTENT="can" WC="0.97" CC="007"/>
						<SP ID="P29_SP00128" HPOS="1063" VPOS="802" WIDTH="13"/>
						<String ID="P29_ST00140" HPOS="1076" VPOS="751" WIDTH="148" HEIGHT="50" CONTENT="always" WC="0.99" CC="200300"/>
						<SP ID="P29_SP00129" HPOS="1224" VPOS="802" WIDTH="16"/>
						<String ID="P29_ST00141" HPOS="1239" VPOS="764" WIDTH="63" HEIGHT="25" CONTENT="see" WC="1.00" CC="000"/>
						<SP ID="P29_SP00130" HPOS="1302" VPOS="802" WIDTH="14"/>
						<String ID="P29_ST00142" HPOS="1317" VPOS="753" WIDTH="80" HEIGHT="38" CONTENT="that" WC="0.98" CC="2401"/>
					</TextLine>
					<TextLine ID="P29_TL00013" HPOS="2" VPOS="795" WIDTH="1394" HEIGHT="63">
						<String ID="P29_ST00143" HPOS="2" VPOS="795" WIDTH="161" HEIGHT="63" CONTENT="/eryone" WC="0.83" CC="9000010"/>
						<SP ID="P29_SP00131" HPOS="162" VPOS="858" WIDTH="17"/>
						<String ID="P29_ST00144" HPOS="180" VPOS="795" WIDTH="44" HEIGHT="36" CONTENT="of" WC="0.83" CC="11"/>
						<SP ID="P29_SP00132" HPOS="224" VPOS="858" WIDTH="16"/>
						<String ID="P29_ST00145" HPOS="239" VPOS="795" WIDTH="109" HEIGHT="38" CONTENT="them" WC="0.99" CC="6000"/>
						<SP ID="P29_SP00133" HPOS="348" VPOS="858" WIDTH="16"/>
						<String ID="P29_ST00146" HPOS="364" VPOS="797" WIDTH="80" HEIGHT="38" CONTENT="had" WC="1.00" CC="000"/>
						<SP ID="P29_SP00134" HPOS="444" VPOS="858" WIDTH="19"/>
						<String ID="P29_ST00147" HPOS="463" VPOS="800" WIDTH="227" HEIGHT="50" CONTENT="something" WC="1.00" CC="030020230"/>
						<SP ID="P29_SP00135" HPOS="690" VPOS="858" WIDTH="16"/>
						<String ID="P29_ST00148" HPOS="706" VPOS="803" WIDTH="123" HEIGHT="49" CONTENT="going" WC="1.00" CC="03000"/>
						<SP ID="P29_SP00136" HPOS="828" VPOS="858" WIDTH="17"/>
						<String ID="P29_ST00149" HPOS="846" VPOS="803" WIDTH="60" HEIGHT="36" CONTENT="for" WC="0.99" CC="200"/>
						<SP ID="P29_SP00137" HPOS="906" VPOS="858" WIDTH="16"/>
						<String ID="P29_ST00150" HPOS="921" VPOS="803" WIDTH="118" HEIGHT="38" CONTENT="them." WC="1.00" CC="20000"/>
						<SP ID="P29_SP00138" HPOS="1039" VPOS="858" WIDTH="20"/>
						<String ID="P29_ST00151" HPOS="1060" VPOS="806" WIDTH="71" HEIGHT="36" CONTENT="I'm" WC="1.00" CC="000"/>
						<SP ID="P29_SP00139" HPOS="1131" VPOS="858" WIDTH="17"/>
						<String ID="P29_ST00152" HPOS="1148" VPOS="808" WIDTH="146" HEIGHT="50" CONTENT="always" WC="0.99" CC="030070"/>
						<SP ID="P29_SP00140" HPOS="1294" VPOS="858" WIDTH="17"/>
						<String ID="P29_ST00153" HPOS="1312" VPOS="822" WIDTH="63" HEIGHT="25" CONTENT="ner" SUBS_TYPE="HypPart1" SUBS_CONTENT="neraus" WC="0.84" CC="600"/>
						<HYP HPOS="1375" VPOS="822" WIDTH="20" CONTENT="-"/>
					</TextLine>
					<TextLine ID="P29_TL00014" HPOS="2" VPOS="850" WIDTH="1394" HEIGHT="67">
						<String ID="P29_ST00154" HPOS="2" VPOS="850" WIDTH="66" HEIGHT="66" CONTENT="aus" SUBS_TYPE="HypPart2" SUBS_CONTENT="neraus" WC="0.55" CC="840"/>
						<SP ID="P29_SP00141" HPOS="68" VPOS="917" WIDTH="20"/>
						<String ID="P29_ST00155" HPOS="88" VPOS="850" WIDTH="82" HEIGHT="38" CONTENT="that" WC="1.00" CC="1000"/>
						<SP ID="P29_SP00142" HPOS="170" VPOS="917" WIDTH="19"/>
						<String ID="P29_ST00156" HPOS="189" VPOS="854" WIDTH="224" HEIGHT="50" CONTENT="somebody" WC="1.00" CC="00000000"/>
						<SP ID="P29_SP00143" HPOS="413" VPOS="917" WIDTH="20"/>
						<String ID="P29_ST00157" HPOS="433" VPOS="857" WIDTH="31" HEIGHT="35" CONTENT="is" WC="0.88" CC="20"/>
						<SP ID="P29_SP00144" HPOS="465" VPOS="917" WIDTH="19"/>
						<String ID="P29_ST00158" HPOS="483" VPOS="858" WIDTH="123" HEIGHT="49" CONTENT="going" WC="0.99" CC="04050"/>
						<SP ID="P29_SP00145" HPOS="606" VPOS="917" WIDTH="19"/>
						<String ID="P29_ST00159" HPOS="625" VPOS="863" WIDTH="39" HEIGHT="31" CONTENT="to" WC="1.00" CC="00"/>
						<SP ID="P29_SP00146" HPOS="665" VPOS="917" WIDTH="20"/>
						<String ID="P29_ST00160" HPOS="685" VPOS="858" WIDTH="85" HEIGHT="38" CONTENT="find" WC="1.00" CC="0000"/>
						<SP ID="P29_SP00147" HPOS="770" VPOS="917" WIDTH="22"/>
						<String ID="P29_ST00161" HPOS="792" VPOS="872" WIDTH="68" HEIGHT="38" CONTENT="my" WC="1.00" CC="00"/>
						<SP ID="P29_SP00148" HPOS="860" VPOS="917" WIDTH="20"/>
						<String ID="P29_ST00162" HPOS="880" VPOS="865" WIDTH="206" HEIGHT="49" CONTENT="transcript" WC="0.99" CC="2236420002"/>
						<SP ID="P29_SP00149" HPOS="1087" VPOS="917" WIDTH="19"/>
						<String ID="P29_ST00163" HPOS="1106" VPOS="865" WIDTH="79" HEIGHT="36" CONTENT="and" WC="0.99" CC="200"/>
						<SP ID="P29_SP00150" HPOS="1184" VPOS="917" WIDTH="20"/>
						<String ID="P29_ST00164" HPOS="1205" VPOS="877" WIDTH="76" HEIGHT="39" CONTENT="say," WC="0.99" CC="0003"/>
						<SP ID="P29_SP00151" HPOS="1280" VPOS="917" WIDTH="22"/>
						<String ID="P29_ST00165" HPOS="1302" VPOS="868" WIDTH="93" HEIGHT="49" CONTENT='"My' WC="0.95" CC="840"/>
					</TextLine>
					<TextLine ID="P29_TL00015" HPOS="3" VPOS="907" WIDTH="784" HEIGHT="57">
						<String ID="P29_ST00166" HPOS="3" VPOS="907" WIDTH="65" HEIGHT="43" CONTENT="od," WC="0.85" CC="004"/>
						<SP ID="P29_SP00152" HPOS="68" VPOS="950" WIDTH="16"/>
						<String ID="P29_ST00167" HPOS="83" VPOS="907" WIDTH="93" HEIGHT="36" CONTENT="look" WC="1.00" CC="0000"/>
						<SP ID="P29_SP00153" HPOS="176" VPOS="950" WIDTH="14"/>
						<String ID="P29_ST00168" HPOS="191" VPOS="915" WIDTH="38" HEIGHT="30" CONTENT="at" WC="1.00" CC="00"/>
						<SP ID="P29_SP00154" HPOS="228" VPOS="950" WIDTH="13"/>
						<String ID="P29_ST00169" HPOS="241" VPOS="909" WIDTH="94" HEIGHT="38" CONTENT="how" WC="0.98" CC="400"/>
						<SP ID="P29_SP00155" HPOS="335" VPOS="950" WIDTH="17"/>
						<String ID="P29_ST00170" HPOS="353" VPOS="923" WIDTH="121" HEIGHT="38" CONTENT="many" WC="1.00" CC="0000"/>
						<SP ID="P29_SP00156" HPOS="474" VPOS="961" WIDTH="9"/>
						<String ID="P29_ST00171" HPOS="483" VPOS="913" WIDTH="69" HEIGHT="36" CONTENT="A's" WC="0.95" CC="100"/>
						<SP ID="P29_SP00157" HPOS="553" VPOS="961" WIDTH="13"/>
						<String ID="P29_ST00172" HPOS="565" VPOS="915" WIDTH="72" HEIGHT="36" CONTENT="she" WC="1.00" CC="000"/>
						<SP ID="P29_SP00158" HPOS="638" VPOS="961" WIDTH="13"/>
						<String ID="P29_ST00173" HPOS="650" VPOS="917" WIDTH="137" HEIGHT="47" CONTENT='gave."' WC="0.98" CC="800008"/>
					</TextLine>
					<TextLine ID="P29_TL00016" HPOS="24" VPOS="964" WIDTH="1370" HEIGHT="66">
						<String ID="P29_ST00174" HPOS="24" VPOS="964" WIDTH="72" HEIGHT="36" CONTENT="I'm" WC="1.00" CC="000"/>
						<SP ID="P29_SP00159" HPOS="96" VPOS="1000" WIDTH="9"/>
						<String ID="P29_ST00175" HPOS="106" VPOS="976" WIDTH="101" HEIGHT="38" CONTENT="very," WC="0.99" CC="00504"/>
						<SP ID="P29_SP00160" HPOS="206" VPOS="1014" WIDTH="13"/>
						<String ID="P29_ST00176" HPOS="219" VPOS="978" WIDTH="98" HEIGHT="38" CONTENT="very" WC="1.00" CC="0020"/>
						<SP ID="P29_SP00161" HPOS="317" VPOS="1016" WIDTH="13"/>
						<String ID="P29_ST00177" HPOS="329" VPOS="970" WIDTH="320" HEIGHT="50" CONTENT="unsympathetic" WC="1.00" CC="0000003300000"/>
						<SP ID="P29_SP00162" HPOS="649" VPOS="1020" WIDTH="13"/>
						<String ID="P29_ST00178" HPOS="661" VPOS="972" WIDTH="30" HEIGHT="36" CONTENT="if" WC="1.00" CC="00"/>
						<SP ID="P29_SP00163" HPOS="691" VPOS="1020" WIDTH="11"/>
						<String ID="P29_ST00179" HPOS="702" VPOS="972" WIDTH="90" HEIGHT="39" CONTENT="kids" WC="1.00" CC="0200"/>
						<SP ID="P29_SP00164" HPOS="792" VPOS="1020" WIDTH="13"/>
						<String ID="P29_ST00180" HPOS="805" VPOS="975" WIDTH="159" HEIGHT="38" CONTENT="haven't" WC="1.00" CC="0000000"/>
						<SP ID="P29_SP00165" HPOS="964" VPOS="1020" WIDTH="13"/>
						<String ID="P29_ST00181" HPOS="976" VPOS="976" WIDTH="175" HEIGHT="38" CONTENT="worked." WC="1.00" CC="0240000"/>
						<SP ID="P29_SP00166" HPOS="1151" VPOS="1020" WIDTH="27"/>
						<String ID="P29_ST00182" HPOS="1178" VPOS="980" WIDTH="71" HEIGHT="36" CONTENT="But" WC="0.98" CC="401"/>
						<SP ID="P29_SP00167" HPOS="1249" VPOS="1020" WIDTH="13"/>
						<String ID="P29_ST00183" HPOS="1261" VPOS="980" WIDTH="30" HEIGHT="36" CONTENT="if" WC="0.70" CC="14"/>
						<SP ID="P29_SP00168" HPOS="1291" VPOS="1020" WIDTH="9"/>
						<String ID="P29_ST00184" HPOS="1301" VPOS="981" WIDTH="93" HEIGHT="49" CONTENT="they" WC="0.99" CC="5000"/>
					</TextLine>
					<TextLine ID="P29_TL00017" HPOS="2" VPOS="1020" WIDTH="1391" HEIGHT="68">
						<String ID="P29_ST00185" HPOS="2" VPOS="1020" WIDTH="65" HEIGHT="68" CONTENT="ave" WC="0.71" CC="800"/>
						<SP ID="P29_SP00169" HPOS="66" VPOS="1088" WIDTH="13"/>
						<String ID="P29_ST00186" HPOS="79" VPOS="1020" WIDTH="176" HEIGHT="46" CONTENT="worked," WC="1.00" CC="0000004"/>
						<SP ID="P29_SP00170" HPOS="255" VPOS="1088" WIDTH="14"/>
						<String ID="P29_ST00187" HPOS="269" VPOS="1024" WIDTH="14" HEIGHT="36" CONTENT="I" WC="0.96" CC="0"/>
						<SP ID="P29_SP00171" HPOS="283" VPOS="1088" WIDTH="16"/>
						<String ID="P29_ST00188" HPOS="299" VPOS="1025" WIDTH="102" HEIGHT="36" CONTENT="can't" WC="0.99" CC="00005"/>
						<SP ID="P29_SP00172" HPOS="402" VPOS="1088" WIDTH="13"/>
						<String ID="P29_ST00189" HPOS="414" VPOS="1038" WIDTH="66" HEIGHT="25" CONTENT="see" WC="1.00" CC="000"/>
						<SP ID="P29_SP00173" HPOS="480" VPOS="1088" WIDTH="13"/>
						<String ID="P29_ST00190" HPOS="493" VPOS="1027" WIDTH="96" HEIGHT="50" CONTENT="why" WC="1.00" CC="000"/>
						<SP ID="P29_SP00174" HPOS="589" VPOS="1088" WIDTH="13"/>
						<String ID="P29_ST00191" HPOS="602" VPOS="1030" WIDTH="14" HEIGHT="35" CONTENT="I" WC="0.69" CC="3"/>
						<SP ID="P29_SP00175" HPOS="616" VPOS="1088" WIDTH="14"/>
						<String ID="P29_ST00192" HPOS="630" VPOS="1030" WIDTH="102" HEIGHT="36" CONTENT="can't" WC="1.00" CC="00002"/>
						<SP ID="P29_SP00176" HPOS="732" VPOS="1088" WIDTH="13"/>
						<String ID="P29_ST00193" HPOS="745" VPOS="1031" WIDTH="91" HEIGHT="49" CONTENT="give" WC="1.00" CC="0000"/>
						<SP ID="P29_SP00177" HPOS="836" VPOS="1088" WIDTH="13"/>
						<String ID="P29_ST00194" HPOS="849" VPOS="1031" WIDTH="110" HEIGHT="36" CONTENT="them" WC="1.00" CC="0000"/>
						<SP ID="P29_SP00178" HPOS="959" VPOS="1088" WIDTH="13"/>
						<String ID="P29_ST00195" HPOS="972" VPOS="1033" WIDTH="121" HEIGHT="38" CONTENT="credit" WC="1.00" CC="040000"/>
						<SP ID="P29_SP00179" HPOS="1093" VPOS="1088" WIDTH="14"/>
						<String ID="P29_ST00196" HPOS="1107" VPOS="1035" WIDTH="60" HEIGHT="36" CONTENT="for" WC="0.99" CC="000"/>
						<SP ID="P29_SP00180" HPOS="1167" VPOS="1088" WIDTH="13"/>
						<String ID="P29_ST00197" HPOS="1180" VPOS="1036" WIDTH="107" HEIGHT="36" CONTENT="what" WC="1.00" CC="0000"/>
						<SP ID="P29_SP00181" HPOS="1287" VPOS="1088" WIDTH="14"/>
						<String ID="P29_ST00198" HPOS="1301" VPOS="1038" WIDTH="91" HEIGHT="50" CONTENT="they" WC="1.00" CC="0000"/>
					</TextLine>
					<TextLine ID="P29_TL00018" HPOS="2" VPOS="1079" WIDTH="1391" HEIGHT="66">
						<String ID="P29_ST00199" HPOS="2" VPOS="1079" WIDTH="213" HEIGHT="66" CONTENT=":complish." WC="0.83" CC="6450010000"/>
						<SP ID="P29_SP00182" HPOS="214" VPOS="1145" WIDTH="13"/>
						<String ID="P29_ST00200" HPOS="227" VPOS="1082" WIDTH="93" HEIGHT="35" CONTENT="And" WC="0.97" CC="070"/>
						<SP ID="P29_SP00183" HPOS="320" VPOS="1145" WIDTH="14"/>
						<String ID="P29_ST00201" HPOS="334" VPOS="1082" WIDTH="14" HEIGHT="35" CONTENT="I" WC="1.00" CC="0"/>
						<SP ID="P29_SP00184" HPOS="348" VPOS="1145" WIDTH="13"/>
						<String ID="P29_ST00202" HPOS="361" VPOS="1082" WIDTH="113" HEIGHT="38" CONTENT="think" WC="0.98" CC="40070"/>
						<SP ID="P29_SP00185" HPOS="474" VPOS="1145" WIDTH="9"/>
						<String ID="P29_ST00203" HPOS="483" VPOS="1083" WIDTH="85" HEIGHT="38" CONTENT="that" WC="1.00" CC="0010"/>
						<SP ID="P29_SP00186" HPOS="569" VPOS="1145" WIDTH="11"/>
						<String ID="P29_ST00204" HPOS="580" VPOS="1098" WIDTH="93" HEIGHT="25" CONTENT="men" WC="1.00" CC="000"/>
						<SP ID="P29_SP00187" HPOS="672" VPOS="1145" WIDTH="11"/>
						<String ID="P29_ST00205" HPOS="683" VPOS="1088" WIDTH="94" HEIGHT="36" CONTENT="tend" WC="0.99" CC="0030"/>
						<SP ID="P29_SP00188" HPOS="778" VPOS="1145" WIDTH="13"/>
						<String ID="P29_ST00206" HPOS="791" VPOS="1093" WIDTH="41" HEIGHT="31" CONTENT="to" WC="0.78" CC="22"/>
						<SP ID="P29_SP00189" HPOS="831" VPOS="1145" WIDTH="11"/>
						<String ID="P29_ST00207" HPOS="843" VPOS="1088" WIDTH="49" HEIGHT="36" CONTENT="be" WC="1.00" CC="00"/>
						<SP ID="P29_SP00190" HPOS="891" VPOS="1145" WIDTH="13"/>
						<String ID="P29_ST00208" HPOS="904" VPOS="1090" WIDTH="120" HEIGHT="36" CONTENT="much" WC="0.99" CC="0105"/>
						<SP ID="P29_SP00191" HPOS="1024" VPOS="1145" WIDTH="13"/>
						<String ID="P29_ST00209" HPOS="1036" VPOS="1102" WIDTH="109" HEIGHT="25" CONTENT="more" WC="0.99" CC="0040"/>
						<SP ID="P29_SP00192" HPOS="1145" VPOS="1145" WIDTH="13"/>
						<String ID="P29_ST00210" HPOS="1157" VPOS="1096" WIDTH="115" HEIGHT="35" CONTENT="strict." WC="0.99" CC="0400250"/>
						<SP ID="P29_SP00193" HPOS="1272" VPOS="1145" WIDTH="13"/>
						<String ID="P29_ST00211" HPOS="1285" VPOS="1094" WIDTH="107" HEIGHT="50" CONTENT="They" WC="0.98" CC="0007"/>
					</TextLine>
					<TextLine ID="P29_TL00019" HPOS="5" VPOS="1134" WIDTH="1384" HEIGHT="65">
						<String ID="P29_ST00212" HPOS="5" VPOS="1134" WIDTH="54" HEIGHT="36" CONTENT="nd" WC="0.89" CC="20"/>
						<SP ID="P29_SP00194" HPOS="58" VPOS="1170" WIDTH="19"/>
						<String ID="P29_ST00213" HPOS="77" VPOS="1134" WIDTH="43" HEIGHT="36" CONTENT="of" WC="0.75" CC="05"/>
						<SP ID="P29_SP00195" HPOS="120" VPOS="1170" WIDTH="16"/>
						<String ID="P29_ST00214" HPOS="135" VPOS="1135" WIDTH="101" HEIGHT="38" CONTENT="have" WC="1.00" CC="0000"/>
						<SP ID="P29_SP00196" HPOS="236" VPOS="1173" WIDTH="17"/>
						<String ID="P29_ST00215" HPOS="254" VPOS="1137" WIDTH="109" HEIGHT="38" CONTENT="these" WC="0.99" CC="40000"/>
						<SP ID="P29_SP00197" HPOS="362" VPOS="1175" WIDTH="17"/>
						<String ID="P29_ST00216" HPOS="380" VPOS="1140" WIDTH="211" HEIGHT="36" CONTENT="standards" WC="1.00" CC="040700200"/>
						<SP ID="P29_SP00198" HPOS="591" VPOS="1176" WIDTH="17"/>
						<String ID="P29_ST00217" HPOS="608" VPOS="1142" WIDTH="132" HEIGHT="38" CONTENT="where" WC="1.00" CC="00000"/>
						<SP ID="P29_SP00199" HPOS="740" VPOS="1180" WIDTH="17"/>
						<String ID="P29_ST00218" HPOS="757" VPOS="1143" WIDTH="123" HEIGHT="38" CONTENT="either" WC="1.00" CC="002002"/>
						<SP ID="P29_SP00200" HPOS="880" VPOS="1181" WIDTH="16"/>
						<String ID="P29_ST00219" HPOS="896" VPOS="1157" WIDTH="80" HEIGHT="38" CONTENT="you" WC="0.99" CC="010"/>
						<SP ID="P29_SP00201" HPOS="976" VPOS="1195" WIDTH="19"/>
						<String ID="P29_ST00220" HPOS="995" VPOS="1146" WIDTH="52" HEIGHT="38" CONTENT="do" WC="0.76" CC="04"/>
						<SP ID="P29_SP00202" HPOS="1047" VPOS="1195" WIDTH="17"/>
						<String ID="P29_ST00221" HPOS="1065" VPOS="1150" WIDTH="28" HEIGHT="35" CONTENT="it" WC="0.67" CC="23"/>
						<SP ID="P29_SP00203" HPOS="1093" VPOS="1195" WIDTH="16"/>
						<String ID="P29_ST00222" HPOS="1109" VPOS="1159" WIDTH="44" HEIGHT="27" CONTENT="or" WC="1.00" CC="00"/>
						<SP ID="P29_SP00204" HPOS="1153" VPOS="1195" WIDTH="17"/>
						<String ID="P29_ST00223" HPOS="1170" VPOS="1162" WIDTH="80" HEIGHT="36" CONTENT="you" WC="0.99" CC="020"/>
						<SP ID="P29_SP00205" HPOS="1250" VPOS="1198" WIDTH="17"/>
						<String ID="P29_ST00224" HPOS="1268" VPOS="1151" WIDTH="121" HEIGHT="36" CONTENT="don't," WC="0.99" CC="006000"/>
					</TextLine>
					<TextLine ID="P29_TL00020" HPOS="2" VPOS="1191" WIDTH="1387" HEIGHT="63">
						<String ID="P29_ST00225" HPOS="2" VPOS="1191" WIDTH="55" HEIGHT="63" CONTENT="nd" WC="1.00" CC="00"/>
						<SP ID="P29_SP00206" HPOS="57" VPOS="1254" WIDTH="14"/>
						<String ID="P29_ST00226" HPOS="71" VPOS="1192" WIDTH="14" HEIGHT="35" CONTENT="I" WC="1.00" CC="0"/>
						<SP ID="P29_SP00207" HPOS="85" VPOS="1254" WIDTH="14"/>
						<String ID="P29_ST00227" HPOS="99" VPOS="1192" WIDTH="112" HEIGHT="38" CONTENT="think" WC="0.99" CC="00070"/>
						<SP ID="P29_SP00208" HPOS="211" VPOS="1254" WIDTH="13"/>
						<String ID="P29_ST00228" HPOS="224" VPOS="1194" WIDTH="66" HEIGHT="36" CONTENT="the" WC="1.00" CC="000"/>
						<SP ID="P29_SP00209" HPOS="290" VPOS="1254" WIDTH="14"/>
						<String ID="P29_ST00229" HPOS="304" VPOS="1195" WIDTH="202" HEIGHT="38" CONTENT="academic" WC="1.00" CC="10000003"/>
						<SP ID="P29_SP00210" HPOS="506" VPOS="1254" WIDTH="14"/>
						<String ID="P29_ST00230" HPOS="520" VPOS="1203" WIDTH="247" HEIGHT="46" CONTENT="community" WC="1.00" CC="010000020"/>
						<SP ID="P29_SP00211" HPOS="767" VPOS="1254" WIDTH="13"/>
						<String ID="P29_ST00231" HPOS="780" VPOS="1203" WIDTH="124" HEIGHT="35" CONTENT="needs" WC="0.99" CC="60000"/>
						<SP ID="P29_SP00212" HPOS="904" VPOS="1254" WIDTH="14"/>
						<String ID="P29_ST00232" HPOS="918" VPOS="1203" WIDTH="106" HEIGHT="36" CONTENT="both." WC="1.00" CC="00000"/>
						<SP ID="P29_SP00213" HPOS="1024" VPOS="1254" WIDTH="16"/>
						<String ID="P29_ST00233" HPOS="1039" VPOS="1205" WIDTH="16" HEIGHT="35" CONTENT="I" WC="1.00" CC="0"/>
						<SP ID="P29_SP00214" HPOS="1055" VPOS="1254" WIDTH="14"/>
						<String ID="P29_ST00234" HPOS="1069" VPOS="1205" WIDTH="110" HEIGHT="36" CONTENT="think" WC="1.00" CC="30000"/>
						<SP ID="P29_SP00215" HPOS="1180" VPOS="1254" WIDTH="16"/>
						<String ID="P29_ST00235" HPOS="1195" VPOS="1219" WIDTH="79" HEIGHT="35" CONTENT="you" WC="0.99" CC="001"/>
						<SP ID="P29_SP00216" HPOS="1274" VPOS="1254" WIDTH="14"/>
						<String ID="P29_ST00236" HPOS="1288" VPOS="1209" WIDTH="101" HEIGHT="36" CONTENT="need" WC="0.98" CC="7000"/>
					</TextLine>
				</TextBlock>
				<TextBlock ID="P29_TB00002" HPOS="0" VPOS="1254" WIDTH="794" HEIGHT="1587" language="en" STYLEREFS="TXT_0 PAR_BLOCK">
					<TextLine ID="P29_TL00021" HPOS="2" VPOS="1254" WIDTH="786" HEIGHT="44">
						<String ID="P29_ST00237" HPOS="2" VPOS="1254" WIDTH="104" HEIGHT="44" CONTENT="aople" WC="0.93" CC="20000"/>
						<SP ID="P29_SP00217" HPOS="106" VPOS="1298" WIDTH="11"/>
						<String ID="P29_ST00238" HPOS="117" VPOS="1254" WIDTH="93" HEIGHT="33" CONTENT="who" WC="1.00" CC="000"/>
						<SP ID="P29_SP00218" HPOS="209" VPOS="1298" WIDTH="13"/>
						<String ID="P29_ST00239" HPOS="222" VPOS="1254" WIDTH="52" HEIGHT="33" CONTENT="do" WC="1.00" CC="00"/>
						<SP ID="P29_SP00219" HPOS="274" VPOS="1298" WIDTH="13"/>
						<String ID="P29_ST00240" HPOS="287" VPOS="1254" WIDTH="191" HEIGHT="36" CONTENT="maintain" WC="1.00" CC="01001000"/>
						<SP ID="P29_SP00220" HPOS="477" VPOS="1298" WIDTH="13"/>
						<String ID="P29_ST00241" HPOS="490" VPOS="1255" WIDTH="209" HEIGHT="38" CONTENT="standards" WC="0.99" CC="050700200"/>
						<SP ID="P29_SP00221" HPOS="699" VPOS="1298" WIDTH="11"/>
						<String ID="P29_ST00242" HPOS="710" VPOS="1257" WIDTH="77" HEIGHT="36" CONTENT="and" WC="1.00" CC="000"/>
					</TextLine>
					<TextLine ID="P29_TL00022" HPOS="5" VPOS="1304" WIDTH="783" HEIGHT="49">
						<String ID="P29_ST00243" HPOS="5" VPOS="1304" WIDTH="74" HEIGHT="38" CONTENT="ake" WC="1.00" CC="000"/>
						<SP ID="P29_SP00222" HPOS="79" VPOS="1342" WIDTH="22"/>
						<String ID="P29_ST00244" HPOS="101" VPOS="1306" WIDTH="88" HEIGHT="36" CONTENT="kids" WC="1.00" CC="0100"/>
						<SP ID="P29_SP00223" HPOS="189" VPOS="1342" WIDTH="24"/>
						<String ID="P29_ST00245" HPOS="213" VPOS="1307" WIDTH="156" HEIGHT="44" CONTENT="realize," WC="0.99" CC="30073003"/>
						<SP ID="P29_SP00224" HPOS="369" VPOS="1351" WIDTH="25"/>
						<String ID="P29_ST00246" HPOS="394" VPOS="1309" WIDTH="145" HEIGHT="44" CONTENT='"Look,' WC="0.98" CC="841004"/>
						<SP ID="P29_SP00225" HPOS="539" VPOS="1353" WIDTH="22"/>
						<String ID="P29_ST00247" HPOS="561" VPOS="1313" WIDTH="63" HEIGHT="35" CONTENT="it's" WC="1.00" CC="0000"/>
						<SP ID="P29_SP00226" HPOS="624" VPOS="1353" WIDTH="24"/>
						<String ID="P29_ST00248" HPOS="647" VPOS="1324" WIDTH="19" HEIGHT="25" CONTENT="a" WC="1.00" CC="0"/>
						<SP ID="P29_SP00227" HPOS="666" VPOS="1353" WIDTH="24"/>
						<String ID="P29_ST00249" HPOS="690" VPOS="1313" WIDTH="98" HEIGHT="38" CONTENT="hard" WC="0.99" CC="0400"/>
					</TextLine>
					<TextLine ID="P29_TL00023" HPOS="2" VPOS="1359" WIDTH="786" HEIGHT="59">
						<String ID="P29_ST00250" HPOS="2" VPOS="1359" WIDTH="87" HEIGHT="38" CONTENT="orld" WC="1.00" CC="0000"/>
						<SP ID="P29_SP00228" HPOS="88" VPOS="1397" WIDTH="13"/>
						<String ID="P29_ST00251" HPOS="101" VPOS="1367" WIDTH="69" HEIGHT="31" CONTENT="out" WC="0.97" CC="051"/>
						<SP ID="P29_SP00229" HPOS="170" VPOS="1398" WIDTH="9"/>
						<String ID="P29_ST00252" HPOS="180" VPOS="1362" WIDTH="118" HEIGHT="38" CONTENT="there." WC="1.00" CC="000200"/>
						<SP ID="P29_SP00230" HPOS="298" VPOS="1400" WIDTH="11"/>
						<String ID="P29_ST00253" HPOS="309" VPOS="1365" WIDTH="79" HEIGHT="36" CONTENT="Are" WC="0.99" CC="030"/>
						<SP ID="P29_SP00231" HPOS="387" VPOS="1402" WIDTH="9"/>
						<String ID="P29_ST00254" HPOS="397" VPOS="1378" WIDTH="82" HEIGHT="36" CONTENT="you" WC="0.98" CC="006"/>
						<SP ID="P29_SP00232" HPOS="479" VPOS="1414" WIDTH="13"/>
						<String ID="P29_ST00255" HPOS="491" VPOS="1369" WIDTH="120" HEIGHT="49" CONTENT="going" WC="0.99" CC="90000"/>
						<SP ID="P29_SP00233" HPOS="611" VPOS="1417" WIDTH="11"/>
						<String ID="P29_ST00256" HPOS="622" VPOS="1373" WIDTH="39" HEIGHT="31" CONTENT="to" WC="0.85" CC="02"/>
						<SP ID="P29_SP00234" HPOS="661" VPOS="1417" WIDTH="13"/>
						<String ID="P29_ST00257" HPOS="674" VPOS="1370" WIDTH="113" HEIGHT="36" CONTENT="make" WC="1.00" CC="0000"/>
					</TextLine>
					<TextLine ID="P29_TL00024" HPOS="2" VPOS="1419" WIDTH="786" HEIGHT="58">
						<String ID="P29_ST00258" HPOS="2" VPOS="1419" WIDTH="8" HEIGHT="58" CONTENT="’" WC="0.20" CC="8"/>
						<SP ID="P29_SP00235" HPOS="9" VPOS="1477" WIDTH="16"/>
						<String ID="P29_ST00259" HPOS="25" VPOS="1419" WIDTH="91" HEIGHT="36" CONTENT="Late" WC="0.99" CC="1030"/>
						<SP ID="P29_SP00236" HPOS="117" VPOS="1477" WIDTH="13"/>
						<String ID="P29_ST00260" HPOS="129" VPOS="1431" WIDTH="132" HEIGHT="38" CONTENT="paper," WC="1.00" CC="000004"/>
						<SP ID="P29_SP00237" HPOS="261" VPOS="1477" WIDTH="16"/>
						<String ID="P29_ST00261" HPOS="277" VPOS="1427" WIDTH="68" HEIGHT="31" CONTENT="too" WC="0.97" CC="510"/>
						<SP ID="P29_SP00238" HPOS="345" VPOS="1477" WIDTH="14"/>
						<String ID="P29_ST00262" HPOS="359" VPOS="1422" WIDTH="115" HEIGHT="38" CONTENT='bad."' WC="0.98" CC="03008"/>
						<SP ID="P29_SP00239" HPOS="474" VPOS="1477" WIDTH="16"/>
						<String ID="P29_ST00263" HPOS="490" VPOS="1425" WIDTH="93" HEIGHT="36" CONTENT="And" WC="0.97" CC="070"/>
						<SP ID="P29_SP00240" HPOS="583" VPOS="1477" WIDTH="16"/>
						<String ID="P29_ST00264" HPOS="598" VPOS="1427" WIDTH="93" HEIGHT="36" CONTENT="then" WC="0.97" CC="4307"/>
						<SP ID="P29_SP00241" HPOS="691" VPOS="1477" WIDTH="16"/>
						<String ID="P29_ST00265" HPOS="707" VPOS="1439" WIDTH="80" HEIGHT="38" CONTENT="you" WC="0.97" CC="340"/>
					</TextLine>
					<TextLine ID="P29_TL00025" HPOS="2" VPOS="1476" WIDTH="786" HEIGHT="58">
						<String ID="P29_ST00266" HPOS="2" VPOS="1476" WIDTH="44" HEIGHT="58" CONTENT="so" WC="1.00" CC="00"/>
						<SP ID="P29_SP00242" HPOS="46" VPOS="1534" WIDTH="19"/>
						<String ID="P29_ST00267" HPOS="65" VPOS="1476" WIDTH="104" HEIGHT="38" CONTENT="need" WC="0.99" CC="6000"/>
						<SP ID="P29_SP00243" HPOS="169" VPOS="1534" WIDTH="22"/>
						<String ID="P29_ST00268" HPOS="191" VPOS="1479" WIDTH="146" HEIGHT="49" CONTENT="people" WC="1.00" CC="000020"/>
						<SP ID="P29_SP00244" HPOS="337" VPOS="1534" WIDTH="22"/>
						<String ID="P29_ST00269" HPOS="359" VPOS="1480" WIDTH="96" HEIGHT="36" CONTENT="who" WC="1.00" CC="000"/>
						<SP ID="P29_SP00245" HPOS="455" VPOS="1534" WIDTH="20"/>
						<String ID="P29_ST00270" HPOS="476" VPOS="1493" WIDTH="66" HEIGHT="25" CONTENT="are" WC="1.00" CC="000"/>
						<SP ID="P29_SP00246" HPOS="542" VPOS="1534" WIDTH="19"/>
						<String ID="P29_ST00271" HPOS="561" VPOS="1487" WIDTH="227" HEIGHT="47" CONTENT="nurturing," WC="1.00" CC="6111000003"/>
					</TextLine>
					<TextLine ID="P29_TL00026" HPOS="2" VPOS="1532" WIDTH="784" HEIGHT="54">
						<String ID="P29_ST00272" HPOS="2" VPOS="1532" WIDTH="50" HEIGHT="54" CONTENT="ho" WC="0.88" CC="02"/>
						<SP ID="P29_SP00247" HPOS="52" VPOS="1586" WIDTH="17"/>
						<String ID="P29_ST00273" HPOS="69" VPOS="1545" WIDTH="94" HEIGHT="31" CONTENT="care," WC="0.99" CC="00104"/>
						<SP ID="P29_SP00248" HPOS="164" VPOS="1586" WIDTH="19"/>
						<String ID="P29_ST00274" HPOS="183" VPOS="1535" WIDTH="79" HEIGHT="36" CONTENT="and" WC="1.00" CC="000"/>
						<SP ID="P29_SP00249" HPOS="261" VPOS="1586" WIDTH="17"/>
						<String ID="P29_ST00275" HPOS="279" VPOS="1548" WIDTH="76" HEIGHT="38" CONTENT="say," WC="0.99" CC="0003"/>
						<SP ID="P29_SP00250" HPOS="354" VPOS="1586" WIDTH="22"/>
						<String ID="P29_ST00276" HPOS="376" VPOS="1537" WIDTH="102" HEIGHT="44" CONTENT='"Yes,' WC="0.98" CC="82004"/>
						<SP ID="P29_SP00251" HPOS="479" VPOS="1586" WIDTH="17"/>
						<String ID="P29_ST00277" HPOS="496" VPOS="1540" WIDTH="13" HEIGHT="35" CONTENT="I" WC="1.00" CC="0"/>
						<SP ID="P29_SP00252" HPOS="509" VPOS="1586" WIDTH="19"/>
						<String ID="P29_ST00278" HPOS="528" VPOS="1540" WIDTH="258" HEIGHT="46" CONTENT="understand," WC="1.00" CC="00003010604"/>
					</TextLine>
					<TextLine ID="P29_TL00027" HPOS="2" VPOS="1587" WIDTH="783" HEIGHT="54">
						<String ID="P29_ST00279" HPOS="2" VPOS="1587" WIDTH="3" HEIGHT="54" CONTENT=":" STYLE="superscript" WC="0.24" CC="7"/>
						<String ID="P29_ST00280" HPOS="6" VPOS="1600" WIDTH="19" HEIGHT="25" CONTENT="e" WC="1.00" CC="0"/>
						<SP ID="P29_SP00253" HPOS="25" VPOS="1641" WIDTH="22"/>
						<String ID="P29_ST00281" HPOS="47" VPOS="1591" WIDTH="30" HEIGHT="36" CONTENT="is" WC="1.00" CC="00"/>
						<SP ID="P29_SP00254" HPOS="77" VPOS="1641" WIDTH="22"/>
						<String ID="P29_ST00282" HPOS="99" VPOS="1589" WIDTH="109" HEIGHT="46" CONTENT="hard," WC="1.00" CC="00004"/>
						<SP ID="P29_SP00255" HPOS="208" VPOS="1641" WIDTH="22"/>
						<String ID="P29_ST00283" HPOS="230" VPOS="1603" WIDTH="80" HEIGHT="38" CONTENT="you" WC="0.99" CC="003"/>
						<SP ID="P29_SP00256" HPOS="310" VPOS="1641" WIDTH="22"/>
						<String ID="P29_ST00284" HPOS="332" VPOS="1594" WIDTH="102" HEIGHT="36" CONTENT="have" WC="1.00" CC="0000"/>
						<SP ID="P29_SP00257" HPOS="435" VPOS="1641" WIDTH="22"/>
						<String ID="P29_ST00285" HPOS="457" VPOS="1595" WIDTH="112" HEIGHT="38" CONTENT="other" WC="1.00" CC="20000"/>
						<SP ID="P29_SP00258" HPOS="569" VPOS="1641" WIDTH="20"/>
						<String ID="P29_ST00286" HPOS="589" VPOS="1600" WIDTH="195" HEIGHT="36" CONTENT='courses."' WC="1.00" CC="000000208"/>
					</TextLine>
					<TextLine ID="P29_TL00028" HPOS="2" VPOS="1647" WIDTH="783" HEIGHT="56">
						<String ID="P29_ST00287" HPOS="2" VPOS="1647" WIDTH="49" HEIGHT="55" CONTENT="nd" WC="0.57" CC="80"/>
						<SP ID="P29_SP00259" HPOS="50" VPOS="1702" WIDTH="22"/>
						<String ID="P29_ST00288" HPOS="72" VPOS="1647" WIDTH="115" HEIGHT="38" CONTENT="that's" WC="1.00" CC="000200"/>
						<SP ID="P29_SP00260" HPOS="187" VPOS="1702" WIDTH="20"/>
						<String ID="P29_ST00289" HPOS="208" VPOS="1649" WIDTH="66" HEIGHT="38" CONTENT="the" WC="0.99" CC="200"/>
						<SP ID="P29_SP00261" HPOS="274" VPOS="1702" WIDTH="19"/>
						<String ID="P29_ST00290" HPOS="293" VPOS="1650" WIDTH="98" HEIGHT="38" CONTENT="kind" WC="0.98" CC="0070"/>
						<SP ID="P29_SP00262" HPOS="391" VPOS="1702" WIDTH="20"/>
						<String ID="P29_ST00291" HPOS="411" VPOS="1654" WIDTH="44" HEIGHT="36" CONTENT="of" WC="0.84" CC="03"/>
						<SP ID="P29_SP00263" HPOS="455" VPOS="1702" WIDTH="17"/>
						<String ID="P29_ST00292" HPOS="472" VPOS="1665" WIDTH="146" HEIGHT="38" CONTENT="person" WC="0.99" CC="000007"/>
						<SP ID="P29_SP00264" HPOS="619" VPOS="1702" WIDTH="20"/>
						<String ID="P29_ST00293" HPOS="639" VPOS="1655" WIDTH="14" HEIGHT="36" CONTENT="I" WC="1.00" CC="0"/>
						<SP ID="P29_SP00265" HPOS="654" VPOS="1702" WIDTH="20"/>
						<String ID="P29_ST00294" HPOS="674" VPOS="1668" WIDTH="76" HEIGHT="31" CONTENT="am;" WC="0.98" CC="402"/>
						<SP ID="P29_SP00266" HPOS="750" VPOS="1702" WIDTH="20"/>
						<String ID="P29_ST00295" HPOS="770" VPOS="1658" WIDTH="14" HEIGHT="35" CONTENT="I" WC="0.89" CC="1"/>
					</TextLine>
					<TextLine ID="P29_TL00029" HPOS="3" VPOS="1704" WIDTH="783" HEIGHT="55">
						<String ID="P29_ST00296" HPOS="3" VPOS="1704" WIDTH="55" HEIGHT="36" CONTENT="n't" WC="0.96" CC="604"/>
						<SP ID="P29_SP00267" HPOS="58" VPOS="1740" WIDTH="16"/>
						<String ID="P29_ST00297" HPOS="74" VPOS="1704" WIDTH="49" HEIGHT="38" CONTENT="be" WC="1.00" CC="00"/>
						<SP ID="P29_SP00268" HPOS="123" VPOS="1742" WIDTH="17"/>
						<String ID="P29_ST00298" HPOS="140" VPOS="1706" WIDTH="82" HEIGHT="36" CONTENT="that" WC="0.99" CC="1200"/>
						<SP ID="P29_SP00269" HPOS="222" VPOS="1742" WIDTH="17"/>
						<String ID="P29_ST00299" HPOS="239" VPOS="1707" WIDTH="112" HEIGHT="36" CONTENT="other" WC="0.99" CC="04000"/>
						<SP ID="P29_SP00270" HPOS="351" VPOS="1743" WIDTH="17"/>
						<String ID="P29_ST00300" HPOS="369" VPOS="1707" WIDTH="96" HEIGHT="39" CONTENT="kind" WC="1.00" CC="0000"/>
						<SP ID="P29_SP00271" HPOS="465" VPOS="1746" WIDTH="17"/>
						<String ID="P29_ST00301" HPOS="482" VPOS="1709" WIDTH="44" HEIGHT="38" CONTENT="of" WC="0.78" CC="04"/>
						<SP ID="P29_SP00272" HPOS="526" VPOS="1746" WIDTH="13"/>
						<String ID="P29_ST00302" HPOS="539" VPOS="1723" WIDTH="156" HEIGHT="36" CONTENT="person." WC="1.00" CC="0000000"/>
						<SP ID="P29_SP00273" HPOS="694" VPOS="1759" WIDTH="20"/>
						<String ID="P29_ST00303" HPOS="715" VPOS="1713" WIDTH="71" HEIGHT="38" CONTENT="I'm" WC="1.00" CC="000"/>
					</TextLine>
					<TextLine ID="P29_TL00030" HPOS="5" VPOS="1761" WIDTH="778" HEIGHT="57">
						<String ID="P29_ST00304" HPOS="5" VPOS="1761" WIDTH="121" HEIGHT="50" CONTENT="pable" WC="0.88" CC="02020"/>
						<SP ID="P29_SP00274" HPOS="126" VPOS="1811" WIDTH="20"/>
						<String ID="P29_ST00305" HPOS="146" VPOS="1762" WIDTH="46" HEIGHT="38" CONTENT="of" WC="0.89" CC="02"/>
						<SP ID="P29_SP00275" HPOS="192" VPOS="1811" WIDTH="20"/>
						<String ID="P29_ST00306" HPOS="213" VPOS="1764" WIDTH="208" HEIGHT="52" CONTENT="changing" WC="1.00" CC="10100000"/>
						<SP ID="P29_SP00276" HPOS="420" VPOS="1816" WIDTH="22"/>
						<String ID="P29_ST00307" HPOS="443" VPOS="1778" WIDTH="20" HEIGHT="25" CONTENT="a" WC="1.00" CC="0"/>
						<SP ID="P29_SP00277" HPOS="463" VPOS="1816" WIDTH="24"/>
						<String ID="P29_ST00308" HPOS="487" VPOS="1769" WIDTH="128" HEIGHT="49" CONTENT="grade" WC="0.99" CC="04000"/>
						<SP ID="P29_SP00278" HPOS="614" VPOS="1817" WIDTH="24"/>
						<String ID="P29_ST00309" HPOS="638" VPOS="1769" WIDTH="101" HEIGHT="38" CONTENT="after" WC="1.00" CC="01000"/>
						<SP ID="P29_SP00279" HPOS="739" VPOS="1817" WIDTH="22"/>
						<String ID="P29_ST00310" HPOS="761" VPOS="1784" WIDTH="22" HEIGHT="24" CONTENT="a" WC="1.00" CC="0"/>
					</TextLine>
					<TextLine ID="P29_TL00031" HPOS="5" VPOS="1820" WIDTH="776" HEIGHT="56">
						<String ID="P29_ST00311" HPOS="5" VPOS="1830" WIDTH="90" HEIGHT="25" CONTENT="urse" WC="0.83" CC="2300"/>
						<SP ID="P29_SP00280" HPOS="94" VPOS="1855" WIDTH="13"/>
						<String ID="P29_ST00312" HPOS="107" VPOS="1820" WIDTH="31" HEIGHT="35" CONTENT="is" WC="0.81" CC="30"/>
						<SP ID="P29_SP00281" HPOS="139" VPOS="1855" WIDTH="14"/>
						<String ID="P29_ST00313" HPOS="153" VPOS="1831" WIDTH="94" HEIGHT="25" CONTENT="over" WC="1.00" CC="0002"/>
						<SP ID="P29_SP00282" HPOS="247" VPOS="1857" WIDTH="11"/>
						<String ID="P29_ST00314" HPOS="258" VPOS="1820" WIDTH="31" HEIGHT="36" CONTENT="if" WC="1.00" CC="00"/>
						<SP ID="P29_SP00283" HPOS="290" VPOS="1857" WIDTH="9"/>
						<String ID="P29_ST00315" HPOS="299" VPOS="1822" WIDTH="225" HEIGHT="50" CONTENT="somebody" WC="1.00" CC="00002000"/>
						<SP ID="P29_SP00284" HPOS="524" VPOS="1872" WIDTH="11"/>
						<String ID="P29_ST00316" HPOS="535" VPOS="1827" WIDTH="121" HEIGHT="49" CONTENT="really" WC="1.00" CC="000310"/>
						<SP ID="P29_SP00285" HPOS="657" VPOS="1876" WIDTH="11"/>
						<String ID="P29_ST00317" HPOS="668" VPOS="1827" WIDTH="79" HEIGHT="38" CONTENT="had" WC="0.98" CC="500"/>
						<SP ID="P29_SP00286" HPOS="746" VPOS="1876" WIDTH="14"/>
						<String ID="P29_ST00318" HPOS="761" VPOS="1839" WIDTH="20" HEIGHT="25" CONTENT="a" WC="1.00" CC="0"/>
					</TextLine>
					<TextLine ID="P29_TL00032" HPOS="2" VPOS="1874" WIDTH="780" HEIGHT="54">
						<String ID="P29_ST00319" HPOS="2" VPOS="1874" WIDTH="52" HEIGHT="54" CONTENT="ird" WC="0.66" CC="630"/>
						<SP ID="P29_SP00287" HPOS="54" VPOS="1928" WIDTH="19"/>
						<String ID="P29_ST00320" HPOS="72" VPOS="1876" WIDTH="88" HEIGHT="36" CONTENT="luck" WC="1.00" CC="0000"/>
						<SP ID="P29_SP00288" HPOS="161" VPOS="1928" WIDTH="17"/>
						<String ID="P29_ST00321" HPOS="178" VPOS="1882" WIDTH="109" HEIGHT="46" CONTENT="story" WC="0.99" CC="03210"/>
						<SP ID="P29_SP00289" HPOS="287" VPOS="1928" WIDTH="16"/>
						<String ID="P29_ST00322" HPOS="302" VPOS="1880" WIDTH="80" HEIGHT="36" CONTENT="and" WC="0.97" CC="070"/>
						<SP ID="P29_SP00290" HPOS="383" VPOS="1928" WIDTH="17"/>
						<String ID="P29_ST00323" HPOS="400" VPOS="1887" WIDTH="129" HEIGHT="31" CONTENT="wants" WC="0.99" CC="00040"/>
						<SP ID="P29_SP00291" HPOS="529" VPOS="1928" WIDTH="19"/>
						<String ID="P29_ST00324" HPOS="548" VPOS="1887" WIDTH="39" HEIGHT="31" CONTENT="to" WC="0.85" CC="20"/>
						<SP ID="P29_SP00292" HPOS="587" VPOS="1928" WIDTH="17"/>
						<String ID="P29_ST00325" HPOS="605" VPOS="1883" WIDTH="55" HEIGHT="36" CONTENT="do" WC="0.96" CC="00"/>
						<SP ID="P29_SP00293" HPOS="660" VPOS="1928" WIDTH="16"/>
						<String ID="P29_ST00326" HPOS="676" VPOS="1890" WIDTH="106" HEIGHT="31" CONTENT="extra" WC="0.98" CC="00605"/>
					</TextLine>
					<TextLine ID="P29_TL00033" HPOS="2" VPOS="1931" WIDTH="780" HEIGHT="57">
						<String ID="P29_ST00327" HPOS="2" VPOS="1931" WIDTH="74" HEIGHT="57" CONTENT="ork." WC="0.67" CC="8201"/>
						<SP ID="P29_SP00294" HPOS="76" VPOS="1987" WIDTH="17"/>
						<String ID="P29_ST00328" HPOS="93" VPOS="1934" WIDTH="55" HEIGHT="35" CONTENT="Of" WC="1.00" CC="00"/>
						<SP ID="P29_SP00295" HPOS="148" VPOS="1987" WIDTH="13"/>
						<String ID="P29_ST00329" HPOS="161" VPOS="1945" WIDTH="140" HEIGHT="27" CONTENT="course" WC="0.99" CC="230400"/>
						<SP ID="P29_SP00296" HPOS="301" VPOS="1987" WIDTH="16"/>
						<String ID="P29_ST00330" HPOS="317" VPOS="1935" WIDTH="30" HEIGHT="36" CONTENT="if" WC="0.62" CC="33"/>
						<SP ID="P29_SP00297" HPOS="346" VPOS="1987" WIDTH="14"/>
						<String ID="P29_ST00331" HPOS="361" VPOS="1937" WIDTH="228" HEIGHT="50" CONTENT="everybody" WC="1.00" CC="000000000"/>
						<SP ID="P29_SP00298" HPOS="589" VPOS="1987" WIDTH="16"/>
						<String ID="P29_ST00332" HPOS="605" VPOS="1951" WIDTH="83" HEIGHT="25" CONTENT="was" WC="0.99" CC="003"/>
						<SP ID="P29_SP00299" HPOS="688" VPOS="1987" WIDTH="17"/>
						<String ID="P29_ST00333" HPOS="706" VPOS="1942" WIDTH="76" HEIGHT="36" CONTENT="like" WC="1.00" CC="0000"/>
					</TextLine>
					<TextLine ID="P29_TL00034" HPOS="2" VPOS="1989" WIDTH="778" HEIGHT="57">
						<String ID="P29_ST00334" HPOS="2" VPOS="1989" WIDTH="28" HEIGHT="57" CONTENT="e," WC="0.42" CC="74"/>
						<SP ID="P29_SP00300" HPOS="30" VPOS="2046" WIDTH="14"/>
						<String ID="P29_ST00335" HPOS="44" VPOS="1989" WIDTH="65" HEIGHT="38" CONTENT="the" WC="0.99" CC="300"/>
						<SP ID="P29_SP00301" HPOS="109" VPOS="2046" WIDTH="14"/>
						<String ID="P29_ST00336" HPOS="123" VPOS="1994" WIDTH="217" HEIGHT="47" CONTENT="university" WC="1.00" CC="3500020020"/>
						<SP ID="P29_SP00302" HPOS="340" VPOS="2046" WIDTH="13"/>
						<String ID="P29_ST00337" HPOS="353" VPOS="1995" WIDTH="139" HEIGHT="35" CONTENT="would" WC="0.99" CC="03320"/>
						<SP ID="P29_SP00303" HPOS="491" VPOS="2046" WIDTH="14"/>
						<String ID="P29_ST00338" HPOS="506" VPOS="2008" WIDTH="52" HEIGHT="38" CONTENT="go" WC="1.00" CC="00"/>
						<SP ID="P29_SP00304" HPOS="557" VPOS="2046" WIDTH="14"/>
						<String ID="P29_ST00339" HPOS="572" VPOS="2002" WIDTH="41" HEIGHT="31" CONTENT="to" WC="0.63" CC="43"/>
						<SP ID="P29_SP00305" HPOS="613" VPOS="2046" WIDTH="13"/>
						<String ID="P29_ST00340" HPOS="625" VPOS="1997" WIDTH="77" HEIGHT="38" CONTENT="hell" WC="1.00" CC="0000"/>
						<SP ID="P29_SP00306" HPOS="702" VPOS="2046" WIDTH="14"/>
						<String ID="P29_ST00341" HPOS="717" VPOS="1998" WIDTH="43" HEIGHT="38" CONTENT="be" SUBS_TYPE="HypPart1" SUBS_CONTENT="beuse" WC="0.73" CC="20"/>
						<HYP HPOS="759" VPOS="1998" WIDTH="20" CONTENT="-"/>
					</TextLine>
					<TextLine ID="P29_TL00035" HPOS="2" VPOS="2046" WIDTH="776" HEIGHT="55">
						<String ID="P29_ST00342" HPOS="2" VPOS="2046" WIDTH="69" HEIGHT="55" CONTENT="use" SUBS_TYPE="HypPart2" SUBS_CONTENT="beuse" WC="1.00" CC="000"/>
						<SP ID="P29_SP00307" HPOS="71" VPOS="2101" WIDTH="11"/>
						<String ID="P29_ST00343" HPOS="82" VPOS="2046" WIDTH="106" HEIGHT="38" CONTENT="there" WC="0.99" CC="05000"/>
						<SP ID="P29_SP00308" HPOS="187" VPOS="2101" WIDTH="11"/>
						<String ID="P29_ST00344" HPOS="198" VPOS="2049" WIDTH="197" HEIGHT="38" CONTENT="wouldn't" WC="0.99" CC="00030702"/>
						<SP ID="P29_SP00309" HPOS="395" VPOS="2101" WIDTH="9"/>
						<String ID="P29_ST00345" HPOS="405" VPOS="2050" WIDTH="52" HEIGHT="38" CONTENT="be" WC="1.00" CC="00"/>
						<SP ID="P29_SP00310" HPOS="457" VPOS="2101" WIDTH="11"/>
						<String ID="P29_ST00346" HPOS="468" VPOS="2065" WIDTH="77" HEIGHT="36" CONTENT="any" WC="0.99" CC="100"/>
						<SP ID="P29_SP00311" HPOS="545" VPOS="2101" WIDTH="13"/>
						<String ID="P29_ST00347" HPOS="557" VPOS="2055" WIDTH="220" HEIGHT="36" CONTENT="standards!" WC="1.00" CC="0000001000"/>
					</TextLine>
					<TextLine ID="P29_TL00036" HPOS="17" VPOS="2101" WIDTH="761" HEIGHT="58">
						<String ID="P29_ST00348" HPOS="17" VPOS="2101" WIDTH="113" HEIGHT="39" CONTENT="What" WC="0.96" CC="5336" STYLEREFS="TXT_1"/>
						<SP ID="P29_SP00312" HPOS="131" VPOS="2140" WIDTH="13"/>
						<String ID="P29_ST00349" HPOS="143" VPOS="2102" WIDTH="52" HEIGHT="39" CONTENT="do" WC="0.91" CC="01" STYLEREFS="TXT_1"/>
						<SP ID="P29_SP00313" HPOS="195" VPOS="2142" WIDTH="14"/>
						<String ID="P29_ST00350" HPOS="209" VPOS="2117" WIDTH="76" HEIGHT="36" CONTENT="you" WC="0.98" CC="005" STYLEREFS="TXT_1"/>
						<SP ID="P29_SP00314" HPOS="285" VPOS="2153" WIDTH="14"/>
						<String ID="P29_ST00351" HPOS="299" VPOS="2104" WIDTH="107" HEIGHT="38" CONTENT="think" WC="0.99" CC="30004" STYLEREFS="TXT_1"/>
						<SP ID="P29_SP00315" HPOS="406" VPOS="2153" WIDTH="14"/>
						<String ID="P29_ST00352" HPOS="420" VPOS="2118" WIDTH="74" HEIGHT="38" CONTENT="you" WC="0.98" CC="040" STYLEREFS="TXT_1"/>
						<SP ID="P29_SP00316" HPOS="494" VPOS="2156" WIDTH="14"/>
						<String ID="P29_ST00353" HPOS="509" VPOS="2107" WIDTH="52" HEIGHT="38" CONTENT="do" WC="0.83" CC="03" STYLEREFS="TXT_1"/>
						<SP ID="P29_SP00317" HPOS="561" VPOS="2156" WIDTH="14"/>
						<String ID="P29_ST00354" HPOS="575" VPOS="2109" WIDTH="113" HEIGHT="39" CONTENT="when" WC="0.98" CC="4600" STYLEREFS="TXT_1"/>
						<SP ID="P29_SP00318" HPOS="688" VPOS="2156" WIDTH="14"/>
						<String ID="P29_ST00355" HPOS="702" VPOS="2123" WIDTH="76" HEIGHT="36" CONTENT="you" WC="0.98" CC="050" STYLEREFS="TXT_1"/>
					</TextLine>
					<TextLine ID="P29_TL00037" HPOS="2" VPOS="2157" WIDTH="776" HEIGHT="59">
						<String ID="P29_ST00356" HPOS="2" VPOS="2157" WIDTH="63" HEIGHT="58" CONTENT="ich" WC="0.75" CC="700" STYLEREFS="TXT_1"/>
						<SP ID="P29_SP00319" HPOS="65" VPOS="2216" WIDTH="16"/>
						<String ID="P29_ST00357" HPOS="80" VPOS="2157" WIDTH="115" HEIGHT="39" CONTENT="that's" WC="0.99" CC="200420" STYLEREFS="TXT_1"/>
						<SP ID="P29_SP00320" HPOS="195" VPOS="2216" WIDTH="14"/>
						<String ID="P29_ST00358" HPOS="209" VPOS="2161" WIDTH="247" HEIGHT="52" CONTENT="particularly" WC="1.00" CC="300600002000" STYLEREFS="TXT_1"/>
						<SP ID="P29_SP00321" HPOS="457" VPOS="2216" WIDTH="17"/>
						<String ID="P29_ST00359" HPOS="474" VPOS="2165" WIDTH="167" HEIGHT="50" CONTENT="exciting" WC="1.00" CC="04000050" STYLEREFS="TXT_1"/>
						<SP ID="P29_SP00322" HPOS="641" VPOS="2216" WIDTH="14"/>
						<String ID="P29_ST00360" HPOS="655" VPOS="2178" WIDTH="44" HEIGHT="25" CONTENT="or" WC="0.75" CC="40" STYLEREFS="TXT_1"/>
						<SP ID="P29_SP00323" HPOS="699" VPOS="2216" WIDTH="14"/>
						<String ID="P29_ST00361" HPOS="713" VPOS="2178" WIDTH="44" HEIGHT="25" CONTENT="en" SUBS_TYPE="HypPart1" SUBS_CONTENT="enging?" WC="1.00" CC="00" STYLEREFS="TXT_1"/>
						<HYP HPOS="757" VPOS="2178" WIDTH="20" CONTENT="-"/>
					</TextLine>
					<TextLine ID="P29_TL00038" HPOS="2" VPOS="2214" WIDTH="107" HEIGHT="50">
						<String ID="P29_ST00362" HPOS="2" VPOS="2214" WIDTH="107" HEIGHT="50" CONTENT="ging?" SUBS_TYPE="HypPart2" SUBS_CONTENT="enging?" WC="0.46" CC="57705" STYLEREFS="TXT_1"/>
					</TextLine>
					<TextLine ID="P29_TL00039" HPOS="13" VPOS="2272" WIDTH="764" HEIGHT="52">
						<String ID="P29_ST00363" HPOS="13" VPOS="2272" WIDTH="79" HEIGHT="36" CONTENT="The" WC="0.98" CC="050"/>
						<SP ID="P29_SP00324" HPOS="91" VPOS="2309" WIDTH="16"/>
						<String ID="P29_ST00364" HPOS="107" VPOS="2272" WIDTH="82" HEIGHT="38" CONTENT="first" WC="0.99" CC="52100"/>
						<SP ID="P29_SP00325" HPOS="189" VPOS="2310" WIDTH="16"/>
						<String ID="P29_ST00365" HPOS="205" VPOS="2274" WIDTH="112" HEIGHT="50" CONTENT="thing" WC="0.99" CC="20060"/>
						<SP ID="P29_SP00326" HPOS="317" VPOS="2324" WIDTH="16"/>
						<String ID="P29_ST00366" HPOS="332" VPOS="2277" WIDTH="11" HEIGHT="35" CONTENT="I" WC="1.00" CC="0"/>
						<SP ID="P29_SP00327" HPOS="343" VPOS="2324" WIDTH="17"/>
						<String ID="P29_ST00367" HPOS="361" VPOS="2277" WIDTH="54" HEIGHT="36" CONTENT="do" WC="1.00" CC="00"/>
						<SP ID="P29_SP00328" HPOS="414" VPOS="2324" WIDTH="16"/>
						<String ID="P29_ST00368" HPOS="430" VPOS="2280" WIDTH="39" HEIGHT="35" CONTENT="in" WC="0.60" CC="07"/>
						<SP ID="P29_SP00329" HPOS="469" VPOS="2324" WIDTH="27"/>
						<String ID="P29_ST00369" HPOS="496" VPOS="2280" WIDTH="131" HEIGHT="36" CONTENT="Music" WC="1.00" CC="00020"/>
						<SP ID="P29_SP00330" HPOS="627" VPOS="2324" WIDTH="16"/>
						<String ID="P29_ST00370" HPOS="643" VPOS="2282" WIDTH="17" HEIGHT="35" CONTENT="1" WC="0.63" CC="3"/>
						<SP ID="P29_SP00331" HPOS="660" VPOS="2324" WIDTH="19"/>
						<String ID="P29_ST00371" HPOS="679" VPOS="2282" WIDTH="98" HEIGHT="36" CONTENT="class" WC="0.99" CC="23000"/>
					</TextLine>
					<TextLine ID="P29_TL00040" HPOS="2" VPOS="2329" WIDTH="776" HEIGHT="59">
						<String ID="P29_ST00372" HPOS="2" VPOS="2329" WIDTH="5" HEIGHT="58" CONTENT="[" WC="0.89" CC="1"/>
						<SP ID="P29_SP00332" HPOS="6" VPOS="2387" WIDTH="13"/>
						<String ID="P29_ST00373" HPOS="19" VPOS="2329" WIDTH="265" HEIGHT="52" CONTENT="traditionally" WC="1.00" CC="2100060160030"/>
						<SP ID="P29_SP00333" HPOS="283" VPOS="2387" WIDTH="11"/>
						<String ID="P29_ST00374" HPOS="294" VPOS="2334" WIDTH="102" HEIGHT="36" CONTENT="have" WC="1.00" CC="0000"/>
						<SP ID="P29_SP00334" HPOS="397" VPOS="2387" WIDTH="13"/>
						<String ID="P29_ST00375" HPOS="409" VPOS="2334" WIDTH="109" HEIGHT="38" CONTENT="them" WC="0.99" CC="4000"/>
						<SP ID="P29_SP00335" HPOS="518" VPOS="2387" WIDTH="11"/>
						<String ID="P29_ST00376" HPOS="529" VPOS="2350" WIDTH="186" HEIGHT="38" CONTENT="compare" WC="1.00" CC="0000000"/>
						<SP ID="P29_SP00336" HPOS="715" VPOS="2387" WIDTH="11"/>
						<String ID="P29_ST00377" HPOS="726" VPOS="2351" WIDTH="52" HEIGHT="25" CONTENT="an" WC="0.88" CC="20"/>
					</TextLine>
					<TextLine ID="P29_TL00041" HPOS="2" VPOS="2387" WIDTH="773" HEIGHT="57">
						<String ID="P29_ST00378" HPOS="2" VPOS="2387" WIDTH="3" HEIGHT="57" CONTENT=":" WC="0.94" CC="0"/>
						<SP ID="P29_SP00337" HPOS="5" VPOS="2444" WIDTH="9"/>
						<String ID="P29_ST00379" HPOS="14" VPOS="2387" WIDTH="107" HEIGHT="47" CONTENT="piece" WC="1.00" CC="00000"/>
						<SP ID="P29_SP00338" HPOS="121" VPOS="2444" WIDTH="11"/>
						<String ID="P29_ST00380" HPOS="132" VPOS="2387" WIDTH="77" HEIGHT="36" CONTENT="and" WC="0.97" CC="070"/>
						<SP ID="P29_SP00339" HPOS="209" VPOS="2444" WIDTH="13"/>
						<String ID="P29_ST00381" HPOS="222" VPOS="2402" WIDTH="20" HEIGHT="22" CONTENT="a" WC="0.99" CC="0"/>
						<SP ID="P29_SP00340" HPOS="243" VPOS="2444" WIDTH="9"/>
						<String ID="P29_ST00382" HPOS="252" VPOS="2402" WIDTH="83" HEIGHT="36" CONTENT="pop" WC="1.00" CC="000"/>
						<SP ID="P29_SP00341" HPOS="335" VPOS="2444" WIDTH="9"/>
						<String ID="P29_ST00383" HPOS="345" VPOS="2392" WIDTH="118" HEIGHT="47" CONTENT="piece." WC="1.00" CC="000000"/>
						<SP ID="P29_SP00342" HPOS="463" VPOS="2444" WIDTH="13"/>
						<String ID="P29_ST00384" HPOS="476" VPOS="2394" WIDTH="43" HEIGHT="35" CONTENT="In" WC="0.65" CC="06"/>
						<SP ID="P29_SP00343" HPOS="518" VPOS="2444" WIDTH="11"/>
						<String ID="P29_ST00385" HPOS="529" VPOS="2400" WIDTH="126" HEIGHT="30" CONTENT="recent" WC="0.99" CC="100060"/>
						<SP ID="P29_SP00344" HPOS="655" VPOS="2444" WIDTH="9"/>
						<String ID="P29_ST00386" HPOS="665" VPOS="2406" WIDTH="110" HEIGHT="38" CONTENT="years" WC="0.99" CC="00050"/>
					</TextLine>
					<TextLine ID="P29_TL00042" HPOS="5" VPOS="2443" WIDTH="770" HEIGHT="54">
						<String ID="P29_ST00387" HPOS="5" VPOS="2454" WIDTH="22" HEIGHT="25" CONTENT="e" WC="1.00" CC="0"/>
						<SP ID="P29_SP00345" HPOS="27" VPOS="2479" WIDTH="19"/>
						<String ID="P29_ST00388" HPOS="46" VPOS="2443" WIDTH="99" HEIGHT="38" CONTENT="been" WC="0.98" CC="0007"/>
						<SP ID="P29_SP00346" HPOS="145" VPOS="2480" WIDTH="22"/>
						<String ID="P29_ST00389" HPOS="167" VPOS="2447" WIDTH="117" HEIGHT="49" CONTENT="using" WC="0.98" CC="40060"/>
						<SP ID="P29_SP00347" HPOS="283" VPOS="2496" WIDTH="20"/>
						<String ID="P29_ST00390" HPOS="304" VPOS="2447" WIDTH="66" HEIGHT="36" CONTENT="the" WC="0.98" CC="050"/>
						<SP ID="P29_SP00348" HPOS="370" VPOS="2496" WIDTH="19"/>
						<String ID="P29_ST00391" HPOS="389" VPOS="2447" WIDTH="159" HEIGHT="38" CONTENT="famous" WC="1.00" CC="000000"/>
						<SP ID="P29_SP00349" HPOS="548" VPOS="2496" WIDTH="22"/>
						<String ID="P29_ST00392" HPOS="570" VPOS="2450" WIDTH="88" HEIGHT="38" CONTENT="love" WC="1.00" CC="0000"/>
						<SP ID="P29_SP00350" HPOS="658" VPOS="2496" WIDTH="22"/>
						<String ID="P29_ST00393" HPOS="680" VPOS="2452" WIDTH="94" HEIGHT="38" CONTENT="duet" WC="1.00" CC="0200"/>
					</TextLine>
					<TextLine ID="P29_TL00043" HPOS="2" VPOS="2499" WIDTH="772" HEIGHT="57">
						<String ID="P29_ST00394" HPOS="2" VPOS="2499" WIDTH="47" HEIGHT="57" CONTENT="im" WC="0.60" CC="70"/>
						<SP ID="P29_SP00351" HPOS="49" VPOS="2556" WIDTH="16"/>
						<String ID="P29_ST00395" HPOS="65" VPOS="2499" WIDTH="80" HEIGHT="36" CONTENT="Don" WC="0.99" CC="030" STYLEREFS="TXT_2"/>
						<SP ID="P29_SP00352" HPOS="145" VPOS="2556" WIDTH="16"/>
						<String ID="P29_ST00396" HPOS="161" VPOS="2501" WIDTH="194" HEIGHT="44" CONTENT="Giovanni," WC="1.00" CC="000040000" STYLEREFS="TXT_2"/>
						<SP ID="P29_SP00353" HPOS="354" VPOS="2556" WIDTH="16"/>
						<String ID="P29_ST00397" HPOS="370" VPOS="2504" WIDTH="79" HEIGHT="38" CONTENT="and" WC="0.97" CC="070"/>
						<SP ID="P29_SP00354" HPOS="449" VPOS="2556" WIDTH="16"/>
						<String ID="P29_ST00398" HPOS="465" VPOS="2506" WIDTH="14" HEIGHT="36" CONTENT="I" WC="1.00" CC="0"/>
						<SP ID="P29_SP00355" HPOS="479" VPOS="2556" WIDTH="13"/>
						<String ID="P29_ST00399" HPOS="491" VPOS="2517" WIDTH="187" HEIGHT="39" CONTENT="compare" WC="1.00" CC="2000020"/>
						<SP ID="P29_SP00356" HPOS="679" VPOS="2556" WIDTH="13"/>
						<String ID="P29_ST00400" HPOS="691" VPOS="2510" WIDTH="28" HEIGHT="35" CONTENT="it" WC="0.88" CC="02"/>
						<SP ID="P29_SP00357" HPOS="720" VPOS="2556" WIDTH="14"/>
						<String ID="P29_ST00401" HPOS="734" VPOS="2513" WIDTH="39" HEIGHT="31" CONTENT="to" WC="1.00" CC="00"/>
					</TextLine>
					<TextLine ID="P29_TL00044" HPOS="5" VPOS="2559" WIDTH="769" HEIGHT="54">
						<String ID="P29_ST00402" HPOS="5" VPOS="2567" WIDTH="17" HEIGHT="25" CONTENT="s" WC="1.00" CC="0"/>
						<SP ID="P29_SP00358" HPOS="22" VPOS="2592" WIDTH="13"/>
						<String ID="P29_ST00403" HPOS="35" VPOS="2559" WIDTH="107" HEIGHT="46" CONTENT="piece" WC="0.99" CC="01040"/>
						<SP ID="P29_SP00359" HPOS="142" VPOS="2605" WIDTH="9"/>
						<String ID="P29_ST00404" HPOS="151" VPOS="2559" WIDTH="121" HEIGHT="36" CONTENT="called" WC="0.99" CC="224500"/>
						<SP ID="P29_SP00360" HPOS="272" VPOS="2605" WIDTH="13"/>
						<String ID="P29_ST00405" HPOS="285" VPOS="2559" WIDTH="117" HEIGHT="38" CONTENT='"Add' WC="0.98" CC="8000"/>
						<SP ID="P29_SP00361" HPOS="402" VPOS="2605" WIDTH="11"/>
						<String ID="P29_ST00406" HPOS="413" VPOS="2562" WIDTH="30" HEIGHT="35" CONTENT="It" WC="0.79" CC="04"/>
						<SP ID="P29_SP00362" HPOS="443" VPOS="2605" WIDTH="9"/>
						<String ID="P29_ST00407" HPOS="452" VPOS="2562" WIDTH="88" HEIGHT="50" CONTENT='Up"' WC="0.97" CC="008"/>
						<SP ID="P29_SP00363" HPOS="540" VPOS="2613" WIDTH="11"/>
						<String ID="P29_ST00408" HPOS="551" VPOS="2562" WIDTH="54" HEIGHT="50" CONTENT="by" WC="0.98" CC="00"/>
						<SP ID="P29_SP00364" HPOS="605" VPOS="2613" WIDTH="8"/>
						<String ID="P29_ST00409" HPOS="613" VPOS="2564" WIDTH="65" HEIGHT="38" CONTENT="the" WC="0.98" CC="050"/>
						<SP ID="P29_SP00365" HPOS="677" VPOS="2613" WIDTH="11"/>
						<String ID="P29_ST00410" HPOS="688" VPOS="2567" WIDTH="65" HEIGHT="36" CONTENT="Vio" SUBS_TYPE="HypPart1" SUBS_CONTENT="Vioit" WC="1.00" CC="000"/>
						<HYP HPOS="753" VPOS="2567" WIDTH="20" CONTENT="-"/>
					</TextLine>
					<TextLine ID="P29_TL00045" HPOS="2" VPOS="2613" WIDTH="772" HEIGHT="58">
						<String ID="P29_ST00411" HPOS="2" VPOS="2613" WIDTH="22" HEIGHT="58" CONTENT="it" SUBS_TYPE="HypPart2" SUBS_CONTENT="Vioit" WC="1.00" CC="00"/>
						<SP ID="P29_SP00366" HPOS="24" VPOS="2671" WIDTH="13"/>
						<String ID="P29_ST00412" HPOS="36" VPOS="2613" WIDTH="184" HEIGHT="38" CONTENT="Femmes." WC="1.00" CC="1000002"/>
						<SP ID="P29_SP00367" HPOS="220" VPOS="2671" WIDTH="11"/>
						<String ID="P29_ST00413" HPOS="231" VPOS="2616" WIDTH="94" HEIGHT="36" CONTENT="And" WC="0.98" CC="050"/>
						<SP ID="P29_SP00368" HPOS="326" VPOS="2671" WIDTH="14"/>
						<String ID="P29_ST00414" HPOS="340" VPOS="2617" WIDTH="58" HEIGHT="36" CONTENT="it's" WC="0.99" CC="3000"/>
						<SP ID="P29_SP00369" HPOS="398" VPOS="2671" WIDTH="14"/>
						<String ID="P29_ST00415" HPOS="413" VPOS="2630" WIDTH="94" HEIGHT="38" CONTENT="very" WC="1.00" CC="0000"/>
						<SP ID="P29_SP00370" HPOS="507" VPOS="2671" WIDTH="13"/>
						<String ID="P29_ST00416" HPOS="520" VPOS="2620" WIDTH="197" HEIGHT="50" CONTENT="shocking." WC="0.99" CC="000205660"/>
						<SP ID="P29_SP00371" HPOS="717" VPOS="2671" WIDTH="14"/>
						<String ID="P29_ST00417" HPOS="731" VPOS="2622" WIDTH="43" HEIGHT="36" CONTENT="In" WC="0.96" CC="00"/>
					</TextLine>
					<TextLine ID="P29_TL00046" HPOS="2" VPOS="2671" WIDTH="770" HEIGHT="57">
						<String ID="P29_ST00418" HPOS="2" VPOS="2671" WIDTH="19" HEIGHT="57" CONTENT="e" WC="1.00" CC="0"/>
						<SP ID="P29_SP00372" HPOS="20" VPOS="2728" WIDTH="16"/>
						<String ID="P29_ST00419" HPOS="36" VPOS="2682" WIDTH="85" HEIGHT="25" CONTENT="case" WC="1.00" CC="0000"/>
						<SP ID="P29_SP00373" HPOS="121" VPOS="2728" WIDTH="16"/>
						<String ID="P29_ST00420" HPOS="137" VPOS="2671" WIDTH="82" HEIGHT="36" CONTENT="he's" WC="1.00" CC="0000"/>
						<SP ID="P29_SP00374" HPOS="219" VPOS="2728" WIDTH="16"/>
						<String ID="P29_ST00421" HPOS="235" VPOS="2674" WIDTH="135" HEIGHT="50" CONTENT="giving" WC="0.98" CC="000397"/>
						<SP ID="P29_SP00375" HPOS="370" VPOS="2728" WIDTH="16"/>
						<String ID="P29_ST00422" HPOS="386" VPOS="2674" WIDTH="74" HEIGHT="38" CONTENT="this" WC="1.00" CC="0000"/>
						<SP ID="P29_SP00376" HPOS="460" VPOS="2728" WIDTH="16"/>
						<String ID="P29_ST00423" HPOS="476" VPOS="2676" WIDTH="139" HEIGHT="38" CONTENT="formal" WC="0.99" CC="035004"/>
						<SP ID="P29_SP00377" HPOS="614" VPOS="2728" WIDTH="16"/>
						<String ID="P29_ST00424" HPOS="630" VPOS="2680" WIDTH="142" HEIGHT="47" CONTENT="speech" WC="0.99" CC="001600"/>
					</TextLine>
					<TextLine ID="P29_TL00047" HPOS="2" VPOS="2726" WIDTH="769" HEIGHT="58">
						<String ID="P29_ST00425" HPOS="2" VPOS="2726" WIDTH="72" HEIGHT="58" CONTENT="lere" WC="0.81" CC="6000"/>
						<SP ID="P29_SP00378" HPOS="74" VPOS="2784" WIDTH="11"/>
						<String ID="P29_ST00426" HPOS="85" VPOS="2726" WIDTH="82" HEIGHT="38" CONTENT="he's" WC="1.00" CC="0001"/>
						<SP ID="P29_SP00379" HPOS="167" VPOS="2784" WIDTH="11"/>
						<String ID="P29_ST00427" HPOS="178" VPOS="2731" WIDTH="128" HEIGHT="47" CONTENT="trying" WC="0.99" CC="400040"/>
						<SP ID="P29_SP00380" HPOS="306" VPOS="2784" WIDTH="13"/>
						<String ID="P29_ST00428" HPOS="318" VPOS="2734" WIDTH="39" HEIGHT="33" CONTENT="to" WC="1.00" CC="00"/>
						<SP ID="P29_SP00381" HPOS="357" VPOS="2784" WIDTH="13"/>
						<String ID="P29_ST00429" HPOS="370" VPOS="2742" WIDTH="90" HEIGHT="27" CONTENT="woo" WC="0.99" CC="030"/>
						<SP ID="P29_SP00382" HPOS="460" VPOS="2784" WIDTH="13"/>
						<String ID="P29_ST00430" HPOS="472" VPOS="2732" WIDTH="68" HEIGHT="36" CONTENT="her" WC="0.99" CC="002"/>
						<SP ID="P29_SP00383" HPOS="540" VPOS="2784" WIDTH="13"/>
						<String ID="P29_ST00431" HPOS="553" VPOS="2737" WIDTH="38" HEIGHT="31" CONTENT="to" WC="0.86" CC="02"/>
						<SP ID="P29_SP00384" HPOS="591" VPOS="2784" WIDTH="13"/>
						<String ID="P29_ST00432" HPOS="603" VPOS="2746" WIDTH="50" HEIGHT="38" CONTENT="go" WC="0.97" CC="00"/>
						<SP ID="P29_SP00385" HPOS="654" VPOS="2784" WIDTH="11"/>
						<String ID="P29_ST00433" HPOS="665" VPOS="2735" WIDTH="58" HEIGHT="36" CONTENT="off" WC="0.95" CC="453"/>
						<SP ID="P29_SP00386" HPOS="723" VPOS="2784" WIDTH="9"/>
						<String ID="P29_ST00434" HPOS="732" VPOS="2742" WIDTH="38" HEIGHT="30" CONTENT="to" WC="0.94" CC="01"/>
					</TextLine>
					<TextLine ID="P29_TL00048" HPOS="2" VPOS="2781" WIDTH="769" HEIGHT="60">
						<String ID="P29_ST00435" HPOS="2" VPOS="2781" WIDTH="19" HEIGHT="60" CONTENT="i" WC="0.17" CC="8"/>
						<SP ID="P29_SP00387" HPOS="20" VPOS="2841" WIDTH="14"/>
						<String ID="P29_ST00436" HPOS="35" VPOS="2784" WIDTH="77" HEIGHT="36" CONTENT="and" WC="0.98" CC="050"/>
						<SP ID="P29_SP00388" HPOS="112" VPOS="2841" WIDTH="14"/>
						<String ID="P29_ST00437" HPOS="126" VPOS="2784" WIDTH="82" HEIGHT="36" CONTENT="he's" WC="1.00" CC="0000"/>
						<SP ID="P29_SP00389" HPOS="208" VPOS="2841" WIDTH="14"/>
						<String ID="P29_ST00438" HPOS="222" VPOS="2797" WIDTH="96" HEIGHT="39" CONTENT="very" WC="1.00" CC="0000"/>
						<SP ID="P29_SP00390" HPOS="318" VPOS="2841" WIDTH="13"/>
						<String ID="P29_ST00439" HPOS="331" VPOS="2786" WIDTH="94" HEIGHT="38" CONTENT="kind" WC="0.98" CC="0070"/>
						<SP ID="P29_SP00391" HPOS="425" VPOS="2841" WIDTH="16"/>
						<String ID="P29_ST00440" HPOS="441" VPOS="2789" WIDTH="43" HEIGHT="36" CONTENT="of" WC="0.82" CC="30"/>
						<SP ID="P29_SP00392" HPOS="483" VPOS="2841" WIDTH="11"/>
						<String ID="P29_ST00441" HPOS="494" VPOS="2789" WIDTH="80" HEIGHT="50" CONTENT="oily" WC="1.00" CC="0000"/>
						<SP ID="P29_SP00393" HPOS="575" VPOS="2841" WIDTH="13"/>
						<String ID="P29_ST00442" HPOS="587" VPOS="2792" WIDTH="79" HEIGHT="36" CONTENT="and" WC="0.95" CC="470"/>
						<SP ID="P29_SP00394" HPOS="666" VPOS="2841" WIDTH="16"/>
						<String ID="P29_ST00443" HPOS="682" VPOS="2792" WIDTH="88" HEIGHT="49" CONTENT="slip-" WC="1.00" CC="00000"/>
					</TextLine>
				</TextBlock>
				<TextBlock ID="P29_TB00003" HPOS="0" VPOS="2841" WIDTH="1406" HEIGHT="1194" language="en" STYLEREFS="TXT_0 PAR_BLOCK">
					<TextLine ID="P29_TL00049" HPOS="3" VPOS="2841" WIDTH="1364" HEIGHT="66">
						<String ID="P29_ST00444" HPOS="3" VPOS="2841" WIDTH="39" HEIGHT="66" CONTENT="ry." WC="0.77" CC="600"/>
						<SP ID="P29_SP00395" HPOS="43" VPOS="2907" WIDTH="17"/>
						<String ID="P29_ST00445" HPOS="60" VPOS="2841" WIDTH="93" HEIGHT="36" CONTENT="And" WC="1.00" CC="000"/>
						<SP ID="P29_SP00396" HPOS="153" VPOS="2907" WIDTH="19"/>
						<String ID="P29_ST00446" HPOS="172" VPOS="2843" WIDTH="41" HEIGHT="35" CONTENT="in" WC="0.69" CC="06"/>
						<SP ID="P29_SP00397" HPOS="213" VPOS="2907" WIDTH="17"/>
						<String ID="P29_ST00447" HPOS="230" VPOS="2843" WIDTH="65" HEIGHT="38" CONTENT="the" WC="1.00" CC="000"/>
						<SP ID="P29_SP00398" HPOS="294" VPOS="2907" WIDTH="19"/>
						<String ID="P29_ST00448" HPOS="313" VPOS="2844" WIDTH="110" HEIGHT="38" CONTENT="other" WC="0.99" CC="01006"/>
						<SP ID="P29_SP00399" HPOS="424" VPOS="2907" WIDTH="19"/>
						<String ID="P29_ST00449" HPOS="443" VPOS="2857" WIDTH="87" HEIGHT="25" CONTENT="case" WC="1.00" CC="0020"/>
						<SP ID="P29_SP00400" HPOS="529" VPOS="2907" WIDTH="19"/>
						<String ID="P29_ST00450" HPOS="548" VPOS="2847" WIDTH="137" HEIGHT="38" CONTENT="there's" WC="0.99" CC="5002002"/>
						<SP ID="P29_SP00401" HPOS="685" VPOS="2907" WIDTH="20"/>
						<String ID="P29_ST00451" HPOS="706" VPOS="2849" WIDTH="47" HEIGHT="36" CONTENT="all" WC="0.96" CC="054"/>
						<SP ID="P29_SP00402" HPOS="753" VPOS="2907" WIDTH="20"/>
						<String ID="P29_ST00452" HPOS="773" VPOS="2850" WIDTH="43" HEIGHT="36" CONTENT="of" WC="0.77" CC="04"/>
						<SP ID="P29_SP00403" HPOS="816" VPOS="2907" WIDTH="17"/>
						<String ID="P29_ST00453" HPOS="833" VPOS="2850" WIDTH="76" HEIGHT="38" CONTENT="this" WC="0.99" CC="4010"/>
						<SP ID="P29_SP00404" HPOS="909" VPOS="2907" WIDTH="17"/>
						<String ID="P29_ST00454" HPOS="926" VPOS="2865" WIDTH="93" HEIGHT="38" CONTENT="very" WC="1.00" CC="0020"/>
						<SP ID="P29_SP00405" HPOS="1019" VPOS="2907" WIDTH="17"/>
						<String ID="P29_ST00455" HPOS="1036" VPOS="2854" WIDTH="112" HEIGHT="36" CONTENT="blunt" WC="0.98" CC="03060"/>
						<SP ID="P29_SP00406" HPOS="1148" VPOS="2907" WIDTH="20"/>
						<String ID="P29_ST00456" HPOS="1169" VPOS="2855" WIDTH="198" HEIGHT="52" CONTENT="language:" WC="1.00" CC="300800000"/>
					</TextLine>
					<TextLine ID="P29_TL00050" HPOS="3" VPOS="2894" WIDTH="1365" HEIGHT="65">
						<String ID="P29_ST00457" HPOS="3" VPOS="2894" WIDTH="77" HEIGHT="65" CONTENT="fhat" WC="0.56" CC="7503"/>
						<SP ID="P29_SP00407" HPOS="80" VPOS="2959" WIDTH="14"/>
						<String ID="P29_ST00458" HPOS="94" VPOS="2899" WIDTH="135" HEIGHT="35" CONTENT="would" WC="1.00" CC="00000"/>
						<SP ID="P29_SP00408" HPOS="230" VPOS="2959" WIDTH="17"/>
						<String ID="P29_ST00459" HPOS="247" VPOS="2901" WIDTH="27" HEIGHT="35" CONTENT="it" WC="1.00" CC="00"/>
						<SP ID="P29_SP00409" HPOS="274" VPOS="2959" WIDTH="17"/>
						<String ID="P29_ST00460" HPOS="291" VPOS="2899" WIDTH="87" HEIGHT="38" CONTENT="take" WC="1.00" CC="2000"/>
						<SP ID="P29_SP00410" HPOS="378" VPOS="2959" WIDTH="17"/>
						<String ID="P29_ST00461" HPOS="395" VPOS="2907" WIDTH="39" HEIGHT="31" CONTENT="to" WC="0.65" CC="33"/>
						<SP ID="P29_SP00411" HPOS="435" VPOS="2959" WIDTH="17"/>
						<String ID="P29_ST00462" HPOS="452" VPOS="2907" WIDTH="65" HEIGHT="44" CONTENT="get" WC="1.00" CC="001"/>
						<SP ID="P29_SP00412" HPOS="517" VPOS="2959" WIDTH="13"/>
						<String ID="P29_ST00463" HPOS="529" VPOS="2904" WIDTH="76" HEIGHT="47" CONTENT="just" WC="0.99" CC="5100"/>
						<SP ID="P29_SP00413" HPOS="605" VPOS="2959" WIDTH="17"/>
						<String ID="P29_ST00464" HPOS="622" VPOS="2917" WIDTH="76" HEIGHT="25" CONTENT="one" WC="1.00" CC="000"/>
						<SP ID="P29_SP00414" HPOS="698" VPOS="2959" WIDTH="17"/>
						<String ID="P29_ST00465" HPOS="715" VPOS="2906" WIDTH="77" HEIGHT="38" CONTENT="kiss" WC="0.99" CC="0300"/>
						<SP ID="P29_SP00415" HPOS="792" VPOS="2959" WIDTH="17"/>
						<String ID="P29_ST00466" HPOS="809" VPOS="2907" WIDTH="101" HEIGHT="38" CONTENT="from" WC="0.99" CC="5000"/>
						<SP ID="P29_SP00416" HPOS="910" VPOS="2959" WIDTH="16"/>
						<String ID="P29_ST00467" HPOS="926" VPOS="2910" WIDTH="98" HEIGHT="49" CONTENT="you?" WC="0.98" CC="0055"/>
						<SP ID="P29_SP00417" HPOS="1024" VPOS="2959" WIDTH="16"/>
						<String ID="P29_ST00468" HPOS="1039" VPOS="2910" WIDTH="82" HEIGHT="44" CONTENT="Just" WC="0.99" CC="0040"/>
						<SP ID="P29_SP00418" HPOS="1121" VPOS="2959" WIDTH="16"/>
						<String ID="P29_ST00469" HPOS="1137" VPOS="2924" WIDTH="76" HEIGHT="25" CONTENT="one" WC="1.00" CC="000"/>
						<SP ID="P29_SP00419" HPOS="1213" VPOS="2959" WIDTH="16"/>
						<String ID="P29_ST00470" HPOS="1228" VPOS="2917" WIDTH="140" HEIGHT="35" CONTENT="screw?" WC="0.99" CC="370004"/>
					</TextLine>
					<TextLine ID="P29_TL00051" HPOS="3" VPOS="2953" WIDTH="1364" HEIGHT="68">
						<String ID="P29_ST00471" HPOS="3" VPOS="2953" WIDTH="17" HEIGHT="68" CONTENT=";t" WC="0.44" CC="82"/>
						<SP ID="P29_SP00420" HPOS="20" VPOS="3020" WIDTH="9"/>
						<String ID="P29_ST00472" HPOS="30" VPOS="2964" WIDTH="72" HEIGHT="25" CONTENT="one" WC="0.99" CC="020"/>
						<SP ID="P29_SP00421" HPOS="102" VPOS="3020" WIDTH="9"/>
						<String ID="P29_ST00473" HPOS="112" VPOS="2953" WIDTH="134" HEIGHT="38" CONTENT='fuck?"' WC="0.99" CC="000008"/>
						<SP ID="P29_SP00422" HPOS="246" VPOS="3020" WIDTH="8"/>
						<String ID="P29_ST00474" HPOS="254" VPOS="2956" WIDTH="91" HEIGHT="38" CONTENT="And" WC="0.98" CC="060"/>
						<SP ID="P29_SP00423" HPOS="345" VPOS="3020" WIDTH="13"/>
						<String ID="P29_ST00475" HPOS="357" VPOS="2957" WIDTH="112" HEIGHT="38" CONTENT="that's" WC="0.99" CC="440000"/>
						<SP ID="P29_SP00424" HPOS="469" VPOS="3020" WIDTH="9"/>
						<String ID="P29_ST00476" HPOS="479" VPOS="2970" WIDTH="94" HEIGHT="39" CONTENT="very" WC="1.00" CC="0000"/>
						<SP ID="P29_SP00425" HPOS="573" VPOS="3020" WIDTH="9"/>
						<String ID="P29_ST00477" HPOS="583" VPOS="2959" WIDTH="195" HEIGHT="54" CONTENT="shocking." WC="1.00" CC="401100000"/>
						<SP ID="P29_SP00426" HPOS="778" VPOS="3020" WIDTH="9"/>
						<String ID="P29_ST00478" HPOS="787" VPOS="2964" WIDTH="93" HEIGHT="38" CONTENT="And" WC="0.98" CC="040"/>
						<SP ID="P29_SP00427" HPOS="880" VPOS="3020" WIDTH="11"/>
						<String ID="P29_ST00479" HPOS="891" VPOS="2964" WIDTH="90" HEIGHT="38" CONTENT="then" WC="0.99" CC="3000"/>
						<SP ID="P29_SP00428" HPOS="981" VPOS="3020" WIDTH="8"/>
						<String ID="P29_ST00480" HPOS="989" VPOS="2970" WIDTH="41" HEIGHT="33" CONTENT="to" WC="1.00" CC="00"/>
						<SP ID="P29_SP00429" HPOS="1030" VPOS="3020" WIDTH="9"/>
						<String ID="P29_ST00481" HPOS="1039" VPOS="2972" WIDTH="60" HEIGHT="44" CONTENT="try" WC="0.99" CC="100"/>
						<SP ID="P29_SP00430" HPOS="1099" VPOS="3020" WIDTH="8"/>
						<String ID="P29_ST00482" HPOS="1107" VPOS="2972" WIDTH="39" HEIGHT="31" CONTENT="to" WC="1.00" CC="00"/>
						<SP ID="P29_SP00431" HPOS="1146" VPOS="3020" WIDTH="9"/>
						<String ID="P29_ST00483" HPOS="1156" VPOS="2975" WIDTH="65" HEIGHT="44" CONTENT="get" WC="1.00" CC="000"/>
						<SP ID="P29_SP00432" HPOS="1220" VPOS="3020" WIDTH="8"/>
						<String ID="P29_ST00484" HPOS="1228" VPOS="2970" WIDTH="139" HEIGHT="50" CONTENT="people" WC="1.00" CC="002000"/>
					</TextLine>
					<TextLine ID="P29_TL00052" HPOS="3" VPOS="3009" WIDTH="1364" HEIGHT="60">
						<String ID="P29_ST00485" HPOS="3" VPOS="3009" WIDTH="55" HEIGHT="60" CONTENT="see" WC="0.97" CC="800"/>
						<SP ID="P29_SP00433" HPOS="58" VPOS="3069" WIDTH="14"/>
						<String ID="P29_ST00486" HPOS="72" VPOS="3009" WIDTH="98" HEIGHT="44" CONTENT="how," WC="0.99" CC="0004"/>
						<SP ID="P29_SP00434" HPOS="170" VPOS="3069" WIDTH="16"/>
						<String ID="P29_ST00487" HPOS="186" VPOS="3013" WIDTH="39" HEIGHT="35" CONTENT="in" WC="0.67" CC="06"/>
						<SP ID="P29_SP00435" HPOS="225" VPOS="3069" WIDTH="14"/>
						<String ID="P29_ST00488" HPOS="239" VPOS="3013" WIDTH="85" HEIGHT="43" CONTENT="fact," WC="0.98" CC="60214"/>
						<SP ID="P29_SP00436" HPOS="324" VPOS="3069" WIDTH="14"/>
						<String ID="P29_ST00489" HPOS="339" VPOS="3017" WIDTH="143" HEIGHT="35" CONTENT="certain" WC="1.00" CC="0010000"/>
						<SP ID="P29_SP00437" HPOS="482" VPOS="3069" WIDTH="13"/>
						<String ID="P29_ST00490" HPOS="494" VPOS="3016" WIDTH="117" HEIGHT="39" CONTENT="kinds" WC="1.00" CC="04000"/>
						<SP ID="P29_SP00438" HPOS="611" VPOS="3069" WIDTH="14"/>
						<String ID="P29_ST00491" HPOS="625" VPOS="3019" WIDTH="43" HEIGHT="36" CONTENT="of" WC="0.97" CC="00"/>
						<SP ID="P29_SP00439" HPOS="668" VPOS="3069" WIDTH="11"/>
						<String ID="P29_ST00492" HPOS="679" VPOS="3019" WIDTH="129" HEIGHT="50" CONTENT="things" WC="0.99" CC="302700"/>
						<SP ID="P29_SP00440" HPOS="808" VPOS="3069" WIDTH="14"/>
						<String ID="P29_ST00493" HPOS="822" VPOS="3033" WIDTH="63" HEIGHT="24" CONTENT="are" WC="0.97" CC="060"/>
						<SP ID="P29_SP00441" HPOS="885" VPOS="3069" WIDTH="14"/>
						<String ID="P29_ST00494" HPOS="899" VPOS="3025" WIDTH="231" HEIGHT="36" CONTENT="continuous" WC="1.00" CC="2060070000"/>
						<SP ID="P29_SP00442" HPOS="1131" VPOS="3069" WIDTH="14"/>
						<String ID="P29_ST00495" HPOS="1145" VPOS="3027" WIDTH="41" HEIGHT="35" CONTENT="in" WC="0.67" CC="06"/>
						<SP ID="P29_SP00443" HPOS="1186" VPOS="3069" WIDTH="11"/>
						<String ID="P29_ST00496" HPOS="1197" VPOS="3027" WIDTH="170" HEIGHT="38" CONTENT="Western" WC="1.00" CC="0003010"/>
					</TextLine>
					<TextLine ID="P29_TL00053" HPOS="5" VPOS="3068" WIDTH="1361" HEIGHT="63">
						<String ID="P29_ST00497" HPOS="5" VPOS="3069" WIDTH="93" HEIGHT="39" CONTENT="ture," WC="0.61" CC="36503"/>
						<SP ID="P29_SP00444" HPOS="98" VPOS="3109" WIDTH="14"/>
						<String ID="P29_ST00498" HPOS="112" VPOS="3068" WIDTH="76" HEIGHT="36" CONTENT="and" WC="1.00" CC="000"/>
						<SP ID="P29_SP00445" HPOS="187" VPOS="3109" WIDTH="17"/>
						<String ID="P29_ST00499" HPOS="205" VPOS="3072" WIDTH="38" HEIGHT="31" CONTENT="at" WC="1.00" CC="00"/>
						<SP ID="P29_SP00446" HPOS="243" VPOS="3109" WIDTH="14"/>
						<String ID="P29_ST00500" HPOS="257" VPOS="3069" WIDTH="63" HEIGHT="38" CONTENT="the" WC="1.00" CC="000"/>
						<SP ID="P29_SP00447" HPOS="320" VPOS="3109" WIDTH="16"/>
						<String ID="P29_ST00501" HPOS="335" VPOS="3082" WIDTH="107" HEIGHT="25" CONTENT="same" WC="1.00" CC="1000"/>
						<SP ID="P29_SP00448" HPOS="443" VPOS="3109" WIDTH="14"/>
						<String ID="P29_ST00502" HPOS="457" VPOS="3072" WIDTH="93" HEIGHT="36" CONTENT="time" WC="1.00" CC="0200"/>
						<SP ID="P29_SP00449" HPOS="550" VPOS="3109" WIDTH="14"/>
						<String ID="P29_ST00503" HPOS="564" VPOS="3072" WIDTH="91" HEIGHT="38" CONTENT="how" WC="0.99" CC="010"/>
						<SP ID="P29_SP00450" HPOS="655" VPOS="3110" WIDTH="16"/>
						<String ID="P29_ST00504" HPOS="671" VPOS="3074" WIDTH="63" HEIGHT="38" CONTENT="the" WC="0.99" CC="200"/>
						<SP ID="P29_SP00451" HPOS="734" VPOS="3112" WIDTH="14"/>
						<String ID="P29_ST00505" HPOS="748" VPOS="3077" WIDTH="146" HEIGHT="38" CONTENT="culture" WC="0.99" CC="0065340"/>
						<SP ID="P29_SP00452" HPOS="894" VPOS="3115" WIDTH="14"/>
						<String ID="P29_ST00506" HPOS="909" VPOS="3079" WIDTH="69" HEIGHT="38" CONTENT="has" WC="1.00" CC="000"/>
						<SP ID="P29_SP00453" HPOS="978" VPOS="3117" WIDTH="14"/>
						<String ID="P29_ST00507" HPOS="992" VPOS="3079" WIDTH="186" HEIGHT="52" CONTENT="changed." WC="1.00" CC="00070000"/>
						<SP ID="P29_SP00454" HPOS="1178" VPOS="3131" WIDTH="17"/>
						<String ID="P29_ST00508" HPOS="1195" VPOS="3082" WIDTH="30" HEIGHT="36" CONTENT="It" WC="0.88" CC="02"/>
						<SP ID="P29_SP00455" HPOS="1225" VPOS="3131" WIDTH="13"/>
						<String ID="P29_ST00509" HPOS="1238" VPOS="3083" WIDTH="128" HEIGHT="38" CONTENT="works" WC="0.99" CC="00300"/>
					</TextLine>
					<TextLine ID="P29_TL00054" HPOS="3" VPOS="3123" WIDTH="967" HEIGHT="61">
						<String ID="P29_ST00510" HPOS="3" VPOS="3123" WIDTH="30" HEIGHT="61" CONTENT="■y" WC="0.65" CC="60"/>
						<SP ID="P29_SP00456" HPOS="33" VPOS="3184" WIDTH="13"/>
						<String ID="P29_ST00511" HPOS="46" VPOS="3123" WIDTH="88" HEIGHT="36" CONTENT="well" WC="0.99" CC="0030"/>
						<SP ID="P29_SP00457" HPOS="134" VPOS="3184" WIDTH="13"/>
						<String ID="P29_ST00512" HPOS="146" VPOS="3129" WIDTH="41" HEIGHT="31" CONTENT="to" WC="1.00" CC="00"/>
						<SP ID="P29_SP00458" HPOS="187" VPOS="3184" WIDTH="13"/>
						<String ID="P29_ST00513" HPOS="200" VPOS="3129" WIDTH="58" HEIGHT="46" CONTENT="try" WC="0.99" CC="210"/>
						<SP ID="P29_SP00459" HPOS="258" VPOS="3184" WIDTH="13"/>
						<String ID="P29_ST00514" HPOS="271" VPOS="3131" WIDTH="39" HEIGHT="31" CONTENT="to" WC="1.00" CC="00"/>
						<SP ID="P29_SP00460" HPOS="310" VPOS="3184" WIDTH="16"/>
						<String ID="P29_ST00515" HPOS="326" VPOS="3128" WIDTH="113" HEIGHT="36" CONTENT="make" WC="1.00" CC="0000"/>
						<SP ID="P29_SP00461" HPOS="439" VPOS="3184" WIDTH="13"/>
						<String ID="P29_ST00516" HPOS="452" VPOS="3142" WIDTH="22" HEIGHT="24" CONTENT="a" WC="1.00" CC="0"/>
						<SP ID="P29_SP00462" HPOS="474" VPOS="3184" WIDTH="13"/>
						<String ID="P29_ST00517" HPOS="487" VPOS="3129" WIDTH="189" HEIGHT="52" CONTENT="shocking" WC="1.00" CC="00020000"/>
						<SP ID="P29_SP00463" HPOS="676" VPOS="3184" WIDTH="9"/>
						<String ID="P29_ST00518" HPOS="685" VPOS="3134" WIDTH="285" HEIGHT="50" CONTENT="juxtaposition." WC="1.00" CC="73000000000070"/>
					</TextLine>
					<TextLine ID="P29_TL00055" HPOS="3" VPOS="3178" WIDTH="1362" HEIGHT="69">
						<String ID="P29_ST00519" HPOS="3" VPOS="3178" WIDTH="9" HEIGHT="69" CONTENT="I" WC="0.67" CC="3"/>
						<SP ID="P29_SP00464" HPOS="13" VPOS="3247" WIDTH="13"/>
						<String ID="P29_ST00520" HPOS="25" VPOS="3178" WIDTH="54" HEIGHT="38" CONTENT="do" WC="1.00" CC="00"/>
						<SP ID="P29_SP00465" HPOS="79" VPOS="3247" WIDTH="13"/>
						<String ID="P29_ST00521" HPOS="91" VPOS="3180" WIDTH="112" HEIGHT="39" CONTENT="think" WC="1.00" CC="00000"/>
						<SP ID="P29_SP00466" HPOS="203" VPOS="3247" WIDTH="11"/>
						<String ID="P29_ST00522" HPOS="214" VPOS="3195" WIDTH="82" HEIGHT="35" CONTENT="you" WC="0.97" CC="026"/>
						<SP ID="P29_SP00467" HPOS="296" VPOS="3247" WIDTH="13"/>
						<String ID="P29_ST00523" HPOS="309" VPOS="3183" WIDTH="104" HEIGHT="38" CONTENT="have" WC="1.00" CC="0000"/>
						<SP ID="P29_SP00468" HPOS="413" VPOS="3247" WIDTH="11"/>
						<String ID="P29_ST00524" HPOS="424" VPOS="3189" WIDTH="41" HEIGHT="33" CONTENT="to" WC="1.00" CC="00"/>
						<SP ID="P29_SP00469" HPOS="465" VPOS="3247" WIDTH="13"/>
						<String ID="P29_ST00525" HPOS="477" VPOS="3197" WIDTH="113" HEIGHT="27" CONTENT="come" WC="1.00" CC="0000"/>
						<SP ID="P29_SP00470" HPOS="591" VPOS="3247" WIDTH="14"/>
						<String ID="P29_ST00526" HPOS="605" VPOS="3189" WIDTH="39" HEIGHT="36" CONTENT="in" WC="1.00" CC="00"/>
						<SP ID="P29_SP00471" HPOS="644" VPOS="3247" WIDTH="11"/>
						<String ID="P29_ST00527" HPOS="655" VPOS="3202" WIDTH="101" HEIGHT="36" CONTENT="very," WC="1.00" CC="00003"/>
						<SP ID="P29_SP00472" HPOS="756" VPOS="3247" WIDTH="14"/>
						<String ID="P29_ST00528" HPOS="770" VPOS="3203" WIDTH="96" HEIGHT="38" CONTENT="very" WC="0.99" CC="0030"/>
						<SP ID="P29_SP00473" HPOS="866" VPOS="3247" WIDTH="13"/>
						<String ID="P29_ST00529" HPOS="879" VPOS="3194" WIDTH="203" HEIGHT="49" CONTENT="prepared," WC="1.00" CC="020000004"/>
						<SP ID="P29_SP00474" HPOS="1082" VPOS="3247" WIDTH="14"/>
						<String ID="P29_ST00530" HPOS="1096" VPOS="3195" WIDTH="80" HEIGHT="36" CONTENT="and" WC="1.00" CC="010"/>
						<SP ID="P29_SP00475" HPOS="1176" VPOS="3247" WIDTH="13"/>
						<String ID="P29_ST00531" HPOS="1189" VPOS="3195" WIDTH="31" HEIGHT="36" CONTENT="if" WC="0.68" CC="06"/>
						<SP ID="P29_SP00476" HPOS="1220" VPOS="3247" WIDTH="9"/>
						<String ID="P29_ST00532" HPOS="1230" VPOS="3197" WIDTH="135" HEIGHT="50" CONTENT="you're" WC="1.00" CC="000000"/>
					</TextLine>
					<TextLine ID="P29_TL00056" HPOS="3" VPOS="3238" WIDTH="1361" HEIGHT="65">
						<String ID="P29_ST00533" HPOS="3" VPOS="3238" WIDTH="54" HEIGHT="65" CONTENT="irp" WC="0.86" CC="040"/>
						<SP ID="P29_SP00477" HPOS="57" VPOS="3302" WIDTH="17"/>
						<String ID="P29_ST00534" HPOS="74" VPOS="3238" WIDTH="27" HEIGHT="35" CONTENT="it" WC="1.00" CC="00"/>
						<SP ID="P29_SP00478" HPOS="101" VPOS="3302" WIDTH="16"/>
						<String ID="P29_ST00535" HPOS="117" VPOS="3249" WIDTH="137" HEIGHT="27" CONTENT="means" WC="1.00" CC="00200"/>
						<SP ID="P29_SP00479" HPOS="254" VPOS="3302" WIDTH="14"/>
						<String ID="P29_ST00536" HPOS="268" VPOS="3239" WIDTH="85" HEIGHT="38" CONTENT="that" WC="1.00" CC="0000"/>
						<SP ID="P29_SP00480" HPOS="353" VPOS="3302" WIDTH="14"/>
						<String ID="P29_ST00537" HPOS="367" VPOS="3254" WIDTH="80" HEIGHT="36" CONTENT="you" WC="0.99" CC="030"/>
						<SP ID="P29_SP00481" HPOS="447" VPOS="3302" WIDTH="16"/>
						<String ID="P29_ST00538" HPOS="463" VPOS="3244" WIDTH="121" HEIGHT="49" CONTENT="really" WC="1.00" CC="200300"/>
						<SP ID="P29_SP00482" HPOS="584" VPOS="3302" WIDTH="13"/>
						<String ID="P29_ST00539" HPOS="597" VPOS="3246" WIDTH="102" HEIGHT="36" CONTENT="have" WC="0.99" CC="0300"/>
						<SP ID="P29_SP00483" HPOS="699" VPOS="3302" WIDTH="16"/>
						<String ID="P29_ST00540" HPOS="715" VPOS="3252" WIDTH="38" HEIGHT="31" CONTENT="to" WC="0.65" CC="06"/>
						<SP ID="P29_SP00484" HPOS="753" VPOS="3302" WIDTH="17"/>
						<String ID="P29_ST00541" HPOS="770" VPOS="3247" WIDTH="102" HEIGHT="38" CONTENT="have" WC="1.00" CC="0000"/>
						<SP ID="P29_SP00485" HPOS="872" VPOS="3302" WIDTH="13"/>
						<String ID="P29_ST00542" HPOS="885" VPOS="3252" WIDTH="194" HEIGHT="47" CONTENT="prepared" WC="1.00" CC="00000400"/>
						<SP ID="P29_SP00486" HPOS="1079" VPOS="3302" WIDTH="16"/>
						<String ID="P29_ST00543" HPOS="1094" VPOS="3252" WIDTH="66" HEIGHT="36" CONTENT="the" WC="1.00" CC="000"/>
						<SP ID="P29_SP00487" HPOS="1161" VPOS="3302" WIDTH="14"/>
						<String ID="P29_ST00544" HPOS="1175" VPOS="3255" WIDTH="110" HEIGHT="47" CONTENT="night" WC="0.99" CC="70000"/>
						<SP ID="P29_SP00488" HPOS="1285" VPOS="3302" WIDTH="14"/>
						<String ID="P29_ST00545" HPOS="1299" VPOS="3255" WIDTH="44" HEIGHT="36" CONTENT="be" SUBS_TYPE="HypPart1" SUBS_CONTENT="bee." WC="0.87" CC="30"/>
						<HYP HPOS="1343" VPOS="3255" WIDTH="20" CONTENT="-"/>
					</TextLine>
					<TextLine ID="P29_TL00057" HPOS="3" VPOS="3293" WIDTH="1361" HEIGHT="59">
						<String ID="P29_ST00546" HPOS="3" VPOS="3293" WIDTH="25" HEIGHT="58" CONTENT="e." SUBS_TYPE="HypPart2" SUBS_CONTENT="bee." WC="0.66" CC="60"/>
						<SP ID="P29_SP00489" HPOS="28" VPOS="3351" WIDTH="19"/>
						<String ID="P29_ST00547" HPOS="47" VPOS="3293" WIDTH="71" HEIGHT="38" CONTENT="But" WC="0.97" CC="305"/>
						<SP ID="P29_SP00490" HPOS="118" VPOS="3351" WIDTH="16"/>
						<String ID="P29_ST00548" HPOS="134" VPOS="3294" WIDTH="28" HEIGHT="36" CONTENT="if" WC="0.88" CC="02"/>
						<SP ID="P29_SP00491" HPOS="162" VPOS="3351" WIDTH="14"/>
						<String ID="P29_ST00549" HPOS="176" VPOS="3298" WIDTH="132" HEIGHT="46" CONTENT="you're" WC="1.00" CC="000020"/>
						<SP ID="P29_SP00492" HPOS="309" VPOS="3351" WIDTH="17"/>
						<String ID="P29_ST00550" HPOS="326" VPOS="3299" WIDTH="250" HEIGHT="38" CONTENT="enthusiastic" WC="1.00" CC="061407000210"/>
						<SP ID="P29_SP00493" HPOS="576" VPOS="3351" WIDTH="16"/>
						<String ID="P29_ST00551" HPOS="592" VPOS="3302" WIDTH="77" HEIGHT="36" CONTENT="and" WC="0.98" CC="310"/>
						<SP ID="P29_SP00494" HPOS="669" VPOS="3351" WIDTH="16"/>
						<String ID="P29_ST00552" HPOS="685" VPOS="3306" WIDTH="134" HEIGHT="46" CONTENT="you're" WC="0.99" CC="040050"/>
						<SP ID="P29_SP00495" HPOS="819" VPOS="3351" WIDTH="16"/>
						<String ID="P29_ST00553" HPOS="835" VPOS="3304" WIDTH="112" HEIGHT="46" CONTENT="fresh," WC="1.00" CC="020000"/>
						<SP ID="P29_SP00496" HPOS="946" VPOS="3351" WIDTH="17"/>
						<String ID="P29_ST00554" HPOS="964" VPOS="3307" WIDTH="27" HEIGHT="35" CONTENT="it" WC="1.00" CC="00"/>
						<SP ID="P29_SP00497" HPOS="991" VPOS="3351" WIDTH="16"/>
						<String ID="P29_ST00555" HPOS="1006" VPOS="3318" WIDTH="126" HEIGHT="25" CONTENT="seems" WC="1.00" CC="00000"/>
						<SP ID="P29_SP00498" HPOS="1132" VPOS="3351" WIDTH="17"/>
						<String ID="P29_ST00556" HPOS="1150" VPOS="3313" WIDTH="39" HEIGHT="31" CONTENT="to" WC="0.89" CC="02"/>
						<SP ID="P29_SP00499" HPOS="1189" VPOS="3351" WIDTH="16"/>
						<String ID="P29_ST00557" HPOS="1205" VPOS="3321" WIDTH="63" HEIGHT="25" CONTENT="me" WC="1.00" CC="00"/>
						<SP ID="P29_SP00500" HPOS="1268" VPOS="3351" WIDTH="16"/>
						<String ID="P29_ST00558" HPOS="1283" VPOS="3310" WIDTH="80" HEIGHT="38" CONTENT="that" WC="0.99" CC="0012"/>
					</TextLine>
					<TextLine ID="P29_TL00058" HPOS="3" VPOS="3350" WIDTH="777" HEIGHT="57">
						<String ID="P29_ST00559" HPOS="3" VPOS="3350" WIDTH="68" HEIGHT="57" CONTENT="Yre" WC="0.61" CC="730"/>
						<SP ID="P29_SP00501" HPOS="71" VPOS="3406" WIDTH="11"/>
						<String ID="P29_ST00560" HPOS="82" VPOS="3353" WIDTH="121" HEIGHT="49" CONTENT="going" WC="0.98" CC="00460"/>
						<SP ID="P29_SP00502" HPOS="203" VPOS="3406" WIDTH="11"/>
						<String ID="P29_ST00561" HPOS="214" VPOS="3357" WIDTH="41" HEIGHT="31" CONTENT="to" WC="0.57" CC="53"/>
						<SP ID="P29_SP00503" HPOS="255" VPOS="3406" WIDTH="11"/>
						<String ID="P29_ST00562" HPOS="266" VPOS="3353" WIDTH="102" HEIGHT="38" CONTENT="have" WC="1.00" CC="0000"/>
						<SP ID="P29_SP00504" HPOS="369" VPOS="3406" WIDTH="13"/>
						<String ID="P29_ST00563" HPOS="381" VPOS="3367" WIDTH="20" HEIGHT="24" CONTENT="a" WC="1.00" CC="0"/>
						<SP ID="P29_SP00505" HPOS="402" VPOS="3406" WIDTH="13"/>
						<String ID="P29_ST00564" HPOS="414" VPOS="3361" WIDTH="129" HEIGHT="46" CONTENT="pretty" WC="1.00" CC="000010"/>
						<SP ID="P29_SP00506" HPOS="543" VPOS="3406" WIDTH="11"/>
						<String ID="P29_ST00565" HPOS="554" VPOS="3359" WIDTH="106" HEIGHT="47" CONTENT="good" WC="1.00" CC="0000"/>
						<SP ID="P29_SP00507" HPOS="660" VPOS="3406" WIDTH="14"/>
						<String ID="P29_ST00566" HPOS="674" VPOS="3359" WIDTH="106" HEIGHT="38" CONTENT="class." WC="0.99" CC="040030"/>
					</TextLine>
					<TextLine ID="P29_TL00059" HPOS="3" VPOS="3403" WIDTH="1345" HEIGHT="69">
						<String ID="P29_ST00567" HPOS="3" VPOS="3403" WIDTH="112" HEIGHT="39" CONTENT="What" WC="0.98" CC="0503" STYLEREFS="TXT_1"/>
						<SP ID="P29_SP00508" HPOS="115" VPOS="3443" WIDTH="13"/>
						<String ID="P29_ST00568" HPOS="128" VPOS="3417" WIDTH="66" HEIGHT="27" CONTENT="are" WC="0.99" CC="021" STYLEREFS="TXT_1"/>
						<SP ID="P29_SP00509" HPOS="194" VPOS="3444" WIDTH="13"/>
						<String ID="P29_ST00569" HPOS="206" VPOS="3406" WIDTH="66" HEIGHT="39" CONTENT="the" WC="0.96" CC="460" STYLEREFS="TXT_1"/>
						<SP ID="P29_SP00510" HPOS="272" VPOS="3446" WIDTH="14"/>
						<String ID="P29_ST00570" HPOS="287" VPOS="3414" WIDTH="99" HEIGHT="33" CONTENT="most" WC="0.99" CC="0102" STYLEREFS="TXT_1"/>
						<SP ID="P29_SP00511" HPOS="386" VPOS="3447" WIDTH="16"/>
						<String ID="P29_ST00571" HPOS="402" VPOS="3413" WIDTH="211" HEIGHT="50" CONTENT="rewarding" WC="1.00" CC="025000040" STYLEREFS="TXT_1"/>
						<SP ID="P29_SP00512" HPOS="613" VPOS="3463" WIDTH="11"/>
						<String ID="P29_ST00572" HPOS="624" VPOS="3413" WIDTH="123" HEIGHT="52" CONTENT="things" WC="0.98" CC="347703" STYLEREFS="TXT_1"/>
						<SP ID="P29_SP00513" HPOS="746" VPOS="3465" WIDTH="14"/>
						<String ID="P29_ST00573" HPOS="761" VPOS="3414" WIDTH="80" HEIGHT="39" CONTENT="that" WC="0.98" CC="3300" STYLEREFS="TXT_1"/>
						<SP ID="P29_SP00514" HPOS="841" VPOS="3465" WIDTH="14"/>
						<String ID="P29_ST00574" HPOS="855" VPOS="3430" WIDTH="74" HEIGHT="36" CONTENT="you" WC="1.00" CC="000" STYLEREFS="TXT_1"/>
						<SP ID="P29_SP00515" HPOS="929" VPOS="3466" WIDTH="14"/>
						<String ID="P29_ST00575" HPOS="943" VPOS="3422" WIDTH="61" HEIGHT="46" CONTENT="get" WC="0.96" CC="065" STYLEREFS="TXT_1"/>
						<SP ID="P29_SP00516" HPOS="1005" VPOS="3468" WIDTH="16"/>
						<String ID="P29_ST00576" HPOS="1020" VPOS="3424" WIDTH="66" HEIGHT="33" CONTENT="out" WC="0.98" CC="006" STYLEREFS="TXT_1"/>
						<SP ID="P29_SP00517" HPOS="1087" VPOS="3468" WIDTH="14"/>
						<String ID="P29_ST00577" HPOS="1101" VPOS="3420" WIDTH="43" HEIGHT="36" CONTENT="of" WC="0.83" CC="20" STYLEREFS="TXT_1"/>
						<SP ID="P29_SP00518" HPOS="1143" VPOS="3468" WIDTH="11"/>
						<String ID="P29_ST00578" HPOS="1154" VPOS="3420" WIDTH="194" HEIGHT="52" CONTENT="teaching?" WC="0.99" CC="000035085" STYLEREFS="TXT_1"/>
					</TextLine>
					<TextLine ID="P29_TL00060" HPOS="3" VPOS="3461" WIDTH="1357" HEIGHT="56">
						<String ID="P29_ST00579" HPOS="3" VPOS="3461" WIDTH="9" HEIGHT="55" CONTENT="I" WC="0.42" CC="5"/>
						<SP ID="P29_SP00519" HPOS="13" VPOS="3517" WIDTH="14"/>
						<String ID="P29_ST00580" HPOS="27" VPOS="3472" WIDTH="94" HEIGHT="27" CONTENT="save" WC="1.00" CC="0000"/>
						<SP ID="P29_SP00520" HPOS="121" VPOS="3517" WIDTH="13"/>
						<String ID="P29_ST00581" HPOS="134" VPOS="3469" WIDTH="113" HEIGHT="31" CONTENT="notes" WC="0.99" CC="60000"/>
						<SP ID="P29_SP00521" HPOS="247" VPOS="3517" WIDTH="14"/>
						<String ID="P29_ST00582" HPOS="261" VPOS="3465" WIDTH="82" HEIGHT="38" CONTENT="that" WC="0.98" CC="0503"/>
						<SP ID="P29_SP00522" HPOS="343" VPOS="3517" WIDTH="16"/>
						<String ID="P29_ST00583" HPOS="359" VPOS="3468" WIDTH="183" HEIGHT="38" CONTENT="students" WC="1.00" CC="00000320"/>
						<SP ID="P29_SP00523" HPOS="542" VPOS="3517" WIDTH="16"/>
						<String ID="P29_ST00584" HPOS="557" VPOS="3472" WIDTH="98" HEIGHT="35" CONTENT="send" WC="1.00" CC="0000"/>
						<SP ID="P29_SP00524" HPOS="655" VPOS="3517" WIDTH="16"/>
						<String ID="P29_ST00585" HPOS="671" VPOS="3483" WIDTH="65" HEIGHT="25" CONTENT="me" WC="1.00" CC="00"/>
						<SP ID="P29_SP00525" HPOS="735" VPOS="3517" WIDTH="14"/>
						<String ID="P29_ST00586" HPOS="750" VPOS="3479" WIDTH="38" HEIGHT="30" CONTENT="at" WC="0.86" CC="20"/>
						<SP ID="P29_SP00526" HPOS="787" VPOS="3517" WIDTH="14"/>
						<String ID="P29_ST00587" HPOS="802" VPOS="3474" WIDTH="65" HEIGHT="36" CONTENT="the" WC="1.00" CC="000"/>
						<SP ID="P29_SP00527" HPOS="866" VPOS="3517" WIDTH="16"/>
						<String ID="P29_ST00588" HPOS="882" VPOS="3476" WIDTH="77" HEIGHT="36" CONTENT="end" WC="1.00" CC="000"/>
						<SP ID="P29_SP00528" HPOS="959" VPOS="3517" WIDTH="14"/>
						<String ID="P29_ST00589" HPOS="973" VPOS="3476" WIDTH="43" HEIGHT="36" CONTENT="of" WC="0.69" CC="06"/>
						<SP ID="P29_SP00529" HPOS="1016" VPOS="3517" WIDTH="14"/>
						<String ID="P29_ST00590" HPOS="1030" VPOS="3490" WIDTH="19" HEIGHT="24" CONTENT="a" WC="1.00" CC="0"/>
						<SP ID="P29_SP00530" HPOS="1049" VPOS="3517" WIDTH="16"/>
						<String ID="P29_ST00591" HPOS="1065" VPOS="3490" WIDTH="148" HEIGHT="27" CONTENT="course." WC="1.00" CC="0100000"/>
						<SP ID="P29_SP00531" HPOS="1213" VPOS="3517" WIDTH="17"/>
						<String ID="P29_ST00592" HPOS="1230" VPOS="3480" WIDTH="106" HEIGHT="36" CONTENT="Some" SUBS_TYPE="HypPart1" SUBS_CONTENT="Sometes" WC="0.71" CC="4450"/>
						<HYP HPOS="1335" VPOS="3480" WIDTH="25" CONTENT="-"/>
					</TextLine>
					<TextLine ID="P29_TL00061" HPOS="3" VPOS="3520" WIDTH="1358" HEIGHT="65">
						<String ID="P29_ST00593" HPOS="3" VPOS="3520" WIDTH="47" HEIGHT="65" CONTENT="tes" SUBS_TYPE="HypPart2" SUBS_CONTENT="Sometes" WC="0.72" CC="800"/>
						<SP ID="P29_SP00532" HPOS="50" VPOS="3584" WIDTH="22"/>
						<String ID="P29_ST00594" HPOS="72" VPOS="3520" WIDTH="183" HEIGHT="38" CONTENT="students" WC="1.00" CC="01000000"/>
						<SP ID="P29_SP00533" HPOS="255" VPOS="3584" WIDTH="20"/>
						<String ID="P29_ST00595" HPOS="276" VPOS="3523" WIDTH="83" HEIGHT="36" CONTENT="will" WC="0.99" CC="0030"/>
						<SP ID="P29_SP00534" HPOS="359" VPOS="3584" WIDTH="20"/>
						<String ID="P29_ST00596" HPOS="380" VPOS="3526" WIDTH="113" HEIGHT="35" CONTENT="write" WC="1.00" CC="01000"/>
						<SP ID="P29_SP00535" HPOS="493" VPOS="3584" WIDTH="22"/>
						<String ID="P29_ST00597" HPOS="515" VPOS="3537" WIDTH="55" HEIGHT="25" CONTENT="on" WC="0.65" CC="07"/>
						<SP ID="P29_SP00536" HPOS="570" VPOS="3584" WIDTH="20"/>
						<String ID="P29_ST00598" HPOS="591" VPOS="3539" WIDTH="50" HEIGHT="25" CONTENT="an" WC="0.72" CC="05"/>
						<SP ID="P29_SP00537" HPOS="641" VPOS="3584" WIDTH="20"/>
						<String ID="P29_ST00599" HPOS="661" VPOS="3540" WIDTH="115" HEIGHT="25" CONTENT="exam" WC="1.00" CC="0000"/>
						<SP ID="P29_SP00538" HPOS="776" VPOS="3584" WIDTH="19"/>
						<String ID="P29_ST00600" HPOS="795" VPOS="3531" WIDTH="96" HEIGHT="36" CONTENT="how" WC="1.00" CC="000"/>
						<SP ID="P29_SP00539" HPOS="891" VPOS="3584" WIDTH="20"/>
						<String ID="P29_ST00601" HPOS="912" VPOS="3532" WIDTH="120" HEIGHT="36" CONTENT="much" WC="1.00" CC="0100"/>
						<SP ID="P29_SP00540" HPOS="1031" VPOS="3584" WIDTH="22"/>
						<String ID="P29_ST00602" HPOS="1054" VPOS="3534" WIDTH="94" HEIGHT="50" CONTENT="they" WC="1.00" CC="0000"/>
						<SP ID="P29_SP00541" HPOS="1148" VPOS="3584" WIDTH="20"/>
						<String ID="P29_ST00603" HPOS="1169" VPOS="3534" WIDTH="106" HEIGHT="39" CONTENT="liked" WC="1.00" CC="10000"/>
						<SP ID="P29_SP00542" HPOS="1274" VPOS="3584" WIDTH="22"/>
						<String ID="P29_ST00604" HPOS="1296" VPOS="3537" WIDTH="65" HEIGHT="38" CONTENT="the" WC="1.00" CC="000"/>
					</TextLine>
					<TextLine ID="P29_TL00062" HPOS="3" VPOS="3576" WIDTH="1358" HEIGHT="65">
						<String ID="P29_ST00605" HPOS="3" VPOS="3576" WIDTH="79" HEIGHT="65" CONTENT="irse," WC="0.84" CC="05002"/>
						<SP ID="P29_SP00543" HPOS="82" VPOS="3641" WIDTH="13"/>
						<String ID="P29_ST00606" HPOS="94" VPOS="3576" WIDTH="79" HEIGHT="36" CONTENT="and" WC="0.97" CC="070"/>
						<SP ID="P29_SP00544" HPOS="173" VPOS="3641" WIDTH="11"/>
						<String ID="P29_ST00607" HPOS="184" VPOS="3589" WIDTH="80" HEIGHT="36" CONTENT="you" WC="0.95" CC="804"/>
						<SP ID="P29_SP00545" HPOS="265" VPOS="3641" WIDTH="9"/>
						<String ID="P29_ST00608" HPOS="274" VPOS="3580" WIDTH="120" HEIGHT="36" CONTENT="could" WC="0.99" CC="50200"/>
						<SP ID="P29_SP00546" HPOS="394" VPOS="3641" WIDTH="11"/>
						<String ID="P29_ST00609" HPOS="405" VPOS="3592" WIDTH="77" HEIGHT="38" CONTENT="say," WC="0.97" CC="0074"/>
						<SP ID="P29_SP00547" HPOS="482" VPOS="3641" WIDTH="13"/>
						<String ID="P29_ST00610" HPOS="494" VPOS="3583" WIDTH="128" HEIGHT="43" CONTENT='"Well,' WC="0.97" CC="856114"/>
						<SP ID="P29_SP00548" HPOS="622" VPOS="3641" WIDTH="11"/>
						<String ID="P29_ST00611" HPOS="633" VPOS="3586" WIDTH="146" HEIGHT="49" CONTENT="they're" WC="0.99" CC="6000020"/>
						<SP ID="P29_SP00549" HPOS="780" VPOS="3641" WIDTH="11"/>
						<String ID="P29_ST00612" HPOS="791" VPOS="3589" WIDTH="128" HEIGHT="49" CONTENT="trying" WC="0.99" CC="500070"/>
						<SP ID="P29_SP00550" HPOS="918" VPOS="3641" WIDTH="11"/>
						<String ID="P29_ST00613" HPOS="929" VPOS="3594" WIDTH="41" HEIGHT="31" CONTENT="to" WC="0.70" CC="22"/>
						<SP ID="P29_SP00551" HPOS="970" VPOS="3641" WIDTH="9"/>
						<String ID="P29_ST00614" HPOS="980" VPOS="3595" WIDTH="65" HEIGHT="43" CONTENT="get" WC="1.00" CC="000"/>
						<SP ID="P29_SP00552" HPOS="1044" VPOS="3641" WIDTH="9"/>
						<String ID="P29_ST00615" HPOS="1054" VPOS="3603" WIDTH="20" HEIGHT="24" CONTENT="a" WC="1.00" CC="0"/>
						<SP ID="P29_SP00553" HPOS="1074" VPOS="3641" WIDTH="13"/>
						<String ID="P29_ST00616" HPOS="1087" VPOS="3592" WIDTH="106" HEIGHT="47" CONTENT="good" WC="1.00" CC="0000"/>
						<SP ID="P29_SP00554" HPOS="1192" VPOS="3641" WIDTH="13"/>
						<String ID="P29_ST00617" HPOS="1205" VPOS="3594" WIDTH="156" HEIGHT="47" CONTENT='grade,"' WC="0.99" CC="0400048"/>
					</TextLine>
					<TextLine ID="P29_TL00063" HPOS="3" VPOS="3630" WIDTH="1357" HEIGHT="69">
						<String ID="P29_ST00618" HPOS="3" VPOS="3630" WIDTH="2" HEIGHT="69" CONTENT=":" WC="0.49" CC="5"/>
						<SP ID="P29_SP00555" HPOS="5" VPOS="3699" WIDTH="17"/>
						<String ID="P29_ST00619" HPOS="22" VPOS="3630" WIDTH="13" HEIGHT="35" CONTENT="I" WC="1.00" CC="0"/>
						<SP ID="P29_SP00556" HPOS="35" VPOS="3699" WIDTH="17"/>
						<String ID="P29_ST00620" HPOS="52" VPOS="3643" WIDTH="120" HEIGHT="25" CONTENT="never" WC="1.00" CC="00020"/>
						<SP ID="P29_SP00557" HPOS="172" VPOS="3699" WIDTH="17"/>
						<String ID="P29_ST00621" HPOS="189" VPOS="3633" WIDTH="112" HEIGHT="38" CONTENT="think" WC="0.99" CC="00060"/>
						<SP ID="P29_SP00558" HPOS="301" VPOS="3699" WIDTH="17"/>
						<String ID="P29_ST00622" HPOS="318" VPOS="3635" WIDTH="83" HEIGHT="38" CONTENT="that" WC="0.99" CC="0003"/>
						<SP ID="P29_SP00559" HPOS="402" VPOS="3699" WIDTH="14"/>
						<String ID="P29_ST00623" HPOS="416" VPOS="3636" WIDTH="172" HEIGHT="38" CONTENT="because" WC="1.00" CC="0000000"/>
						<SP ID="P29_SP00560" HPOS="587" VPOS="3699" WIDTH="17"/>
						<String ID="P29_ST00624" HPOS="605" VPOS="3639" WIDTH="14" HEIGHT="36" CONTENT="I" WC="0.50" CC="4"/>
						<SP ID="P29_SP00561" HPOS="619" VPOS="3699" WIDTH="17"/>
						<String ID="P29_ST00625" HPOS="636" VPOS="3639" WIDTH="112" HEIGHT="38" CONTENT="don't" WC="0.99" CC="07000"/>
						<SP ID="P29_SP00562" HPOS="748" VPOS="3699" WIDTH="17"/>
						<String ID="P29_ST00626" HPOS="765" VPOS="3643" WIDTH="112" HEIGHT="38" CONTENT="think" WC="0.99" CC="23000"/>
						<SP ID="P29_SP00563" HPOS="877" VPOS="3699" WIDTH="16"/>
						<String ID="P29_ST00627" HPOS="893" VPOS="3644" WIDTH="90" HEIGHT="36" CONTENT="kids" WC="1.00" CC="0200"/>
						<SP ID="P29_SP00564" HPOS="983" VPOS="3699" WIDTH="17"/>
						<String ID="P29_ST00628" HPOS="1000" VPOS="3657" WIDTH="65" HEIGHT="25" CONTENT="are" WC="1.00" CC="000"/>
						<SP ID="P29_SP00565" HPOS="1065" VPOS="3699" WIDTH="16"/>
						<String ID="P29_ST00629" HPOS="1080" VPOS="3647" WIDTH="83" HEIGHT="36" CONTENT="that" WC="0.99" CC="0003"/>
						<SP ID="P29_SP00566" HPOS="1164" VPOS="3699" WIDTH="16"/>
						<String ID="P29_ST00630" HPOS="1180" VPOS="3649" WIDTH="148" HEIGHT="50" CONTENT="stupid," WC="0.99" CC="0550002"/>
						<SP ID="P29_SP00567" HPOS="1328" VPOS="3699" WIDTH="19"/>
						<String ID="P29_ST00631" HPOS="1346" VPOS="3652" WIDTH="14" HEIGHT="35" CONTENT="I" WC="1.00" CC="0"/>
					</TextLine>
					<TextLine ID="P29_TL00064" HPOS="3" VPOS="3687" WIDTH="1356" HEIGHT="68">
						<String ID="P29_ST00632" HPOS="3" VPOS="3687" WIDTH="44" HEIGHT="68" CONTENT="i't" WC="0.49" CC="806"/>
						<SP ID="P29_SP00568" HPOS="47" VPOS="3754" WIDTH="13"/>
						<String ID="P29_ST00633" HPOS="60" VPOS="3687" WIDTH="110" HEIGHT="38" CONTENT="think" WC="0.99" CC="00060"/>
						<SP ID="P29_SP00569" HPOS="170" VPOS="3754" WIDTH="16"/>
						<String ID="P29_ST00634" HPOS="186" VPOS="3690" WIDTH="93" HEIGHT="49" CONTENT="they" WC="1.00" CC="0000"/>
						<SP ID="P29_SP00570" HPOS="279" VPOS="3754" WIDTH="13"/>
						<String ID="P29_ST00635" HPOS="291" VPOS="3690" WIDTH="113" HEIGHT="38" CONTENT="think" WC="0.99" CC="10050"/>
						<SP ID="P29_SP00571" HPOS="405" VPOS="3754" WIDTH="16"/>
						<String ID="P29_ST00636" HPOS="420" VPOS="3693" WIDTH="82" HEIGHT="36" CONTENT="that" WC="0.97" CC="5006"/>
						<SP ID="P29_SP00572" HPOS="502" VPOS="3754" WIDTH="16"/>
						<String ID="P29_ST00637" HPOS="518" VPOS="3694" WIDTH="30" HEIGHT="35" CONTENT="if" WC="0.44" CC="46"/>
						<SP ID="P29_SP00573" HPOS="548" VPOS="3754" WIDTH="13"/>
						<String ID="P29_ST00638" HPOS="561" VPOS="3694" WIDTH="93" HEIGHT="50" CONTENT="they" WC="1.00" CC="0000"/>
						<SP ID="P29_SP00574" HPOS="654" VPOS="3754" WIDTH="13"/>
						<String ID="P29_ST00639" HPOS="666" VPOS="3699" WIDTH="112" HEIGHT="35" CONTENT="write" WC="0.99" CC="05000"/>
						<SP ID="P29_SP00575" HPOS="778" VPOS="3754" WIDTH="14"/>
						<String ID="P29_ST00640" HPOS="792" VPOS="3710" WIDTH="82" HEIGHT="38" CONTENT="you" WC="0.98" CC="021"/>
						<SP ID="P29_SP00576" HPOS="874" VPOS="3754" WIDTH="14"/>
						<String ID="P29_ST00641" HPOS="888" VPOS="3712" WIDTH="20" HEIGHT="24" CONTENT="a" WC="1.00" CC="0"/>
						<SP ID="P29_SP00577" HPOS="909" VPOS="3754" WIDTH="16"/>
						<String ID="P29_ST00642" HPOS="924" VPOS="3702" WIDTH="85" HEIGHT="35" CONTENT="nice" WC="0.98" CC="7110"/>
						<SP ID="P29_SP00578" HPOS="1009" VPOS="3754" WIDTH="13"/>
						<String ID="P29_ST00643" HPOS="1022" VPOS="3707" WIDTH="94" HEIGHT="31" CONTENT="note" WC="0.98" CC="7030"/>
						<SP ID="P29_SP00579" HPOS="1117" VPOS="3754" WIDTH="13"/>
						<String ID="P29_ST00644" HPOS="1129" VPOS="3704" WIDTH="148" HEIGHT="49" CONTENT="they're" WC="1.00" CC="0000010"/>
						<SP ID="P29_SP00580" HPOS="1277" VPOS="3754" WIDTH="14"/>
						<String ID="P29_ST00645" HPOS="1291" VPOS="3717" WIDTH="46" HEIGHT="38" CONTENT="go" SUBS_TYPE="HypPart1" SUBS_CONTENT="goto" WC="1.00" CC="00"/>
						<HYP HPOS="1337" VPOS="3717" WIDTH="22" CONTENT="-"/>
					</TextLine>
					<TextLine ID="P29_TL00065" HPOS="16" VPOS="3745" WIDTH="1342" HEIGHT="65">
						<String ID="P29_ST00646" HPOS="16" VPOS="3745" WIDTH="41" HEIGHT="31" CONTENT="to" SUBS_TYPE="HypPart2" SUBS_CONTENT="goto" WC="0.61" CC="33"/>
						<SP ID="P29_SP00581" HPOS="57" VPOS="3776" WIDTH="14"/>
						<String ID="P29_ST00647" HPOS="71" VPOS="3748" WIDTH="65" HEIGHT="44" CONTENT="get" WC="0.96" CC="901"/>
						<SP ID="P29_SP00582" HPOS="135" VPOS="3792" WIDTH="16"/>
						<String ID="P29_ST00648" HPOS="151" VPOS="3754" WIDTH="50" HEIGHT="25" CONTENT="an" WC="0.63" CC="07"/>
						<SP ID="P29_SP00583" HPOS="202" VPOS="3792" WIDTH="11"/>
						<String ID="P29_ST00649" HPOS="213" VPOS="3745" WIDTH="47" HEIGHT="36" CONTENT="A." WC="1.00" CC="00"/>
						<SP ID="P29_SP00584" HPOS="260" VPOS="3792" WIDTH="19"/>
						<String ID="P29_ST00650" HPOS="279" VPOS="3746" WIDTH="71" HEIGHT="49" CONTENT="My" WC="1.00" CC="00"/>
						<SP ID="P29_SP00585" HPOS="350" VPOS="3795" WIDTH="16"/>
						<String ID="P29_ST00651" HPOS="365" VPOS="3746" WIDTH="126" HEIGHT="39" CONTENT="father" WC="1.00" CC="002000"/>
						<SP ID="P29_SP00586" HPOS="491" VPOS="3795" WIDTH="14"/>
						<String ID="P29_ST00652" HPOS="506" VPOS="3751" WIDTH="94" HEIGHT="35" CONTENT="who" WC="1.00" CC="000"/>
						<SP ID="P29_SP00587" HPOS="600" VPOS="3795" WIDTH="16"/>
						<String ID="P29_ST00653" HPOS="616" VPOS="3764" WIDTH="83" HEIGHT="25" CONTENT="was" WC="0.98" CC="004"/>
						<SP ID="P29_SP00588" HPOS="699" VPOS="3795" WIDTH="16"/>
						<String ID="P29_ST00654" HPOS="715" VPOS="3765" WIDTH="20" HEIGHT="24" CONTENT="a" WC="1.00" CC="0"/>
						<SP ID="P29_SP00589" HPOS="735" VPOS="3795" WIDTH="17"/>
						<String ID="P29_ST00655" HPOS="753" VPOS="3754" WIDTH="154" HEIGHT="36" CONTENT="teacher" WC="1.00" CC="0000004"/>
						<SP ID="P29_SP00590" HPOS="907" VPOS="3795" WIDTH="14"/>
						<String ID="P29_ST00656" HPOS="921" VPOS="3756" WIDTH="98" HEIGHT="43" CONTENT="said," WC="0.99" CC="10203"/>
						<SP ID="P29_SP00591" HPOS="1019" VPOS="3798" WIDTH="17"/>
						<String ID="P29_ST00657" HPOS="1036" VPOS="3759" WIDTH="139" HEIGHT="36" CONTENT='"What' WC="0.99" CC="80000"/>
						<SP ID="P29_SP00592" HPOS="1175" VPOS="3798" WIDTH="13"/>
						<String ID="P29_ST00658" HPOS="1187" VPOS="3759" WIDTH="63" HEIGHT="50" CONTENT="job" WC="0.98" CC="201"/>
						<SP ID="P29_SP00593" HPOS="1250" VPOS="3809" WIDTH="16"/>
						<String ID="P29_ST00659" HPOS="1266" VPOS="3762" WIDTH="35" HEIGHT="35" CONTENT="is" WC="1.00" CC="00"/>
						<SP ID="P29_SP00594" HPOS="1301" VPOS="3809" WIDTH="16"/>
						<String ID="P29_ST00660" HPOS="1317" VPOS="3773" WIDTH="41" HEIGHT="25" CONTENT="as" WC="0.97" CC="00"/>
					</TextLine>
					<TextLine ID="P29_TL00066" HPOS="3" VPOS="3797" WIDTH="1353" HEIGHT="68">
						<String ID="P29_ST00661" HPOS="3" VPOS="3797" WIDTH="150" HEIGHT="68" CONTENT="warding" WC="0.99" CC="8020200"/>
						<SP ID="P29_SP00595" HPOS="153" VPOS="3865" WIDTH="16"/>
						<String ID="P29_ST00662" HPOS="169" VPOS="3813" WIDTH="43" HEIGHT="25" CONTENT="as" WC="0.96" CC="00"/>
						<SP ID="P29_SP00596" HPOS="211" VPOS="3865" WIDTH="14"/>
						<String ID="P29_ST00663" HPOS="225" VPOS="3803" WIDTH="205" HEIGHT="50" CONTENT="teaching?" WC="1.00" CC="000230700"/>
						<SP ID="P29_SP00597" HPOS="430" VPOS="3865" WIDTH="13"/>
						<String ID="P29_ST00664" HPOS="443" VPOS="3805" WIDTH="66" HEIGHT="36" CONTENT="All" WC="0.98" CC="015"/>
						<SP ID="P29_SP00598" HPOS="509" VPOS="3865" WIDTH="14"/>
						<String ID="P29_ST00665" HPOS="523" VPOS="3806" WIDTH="44" HEIGHT="36" CONTENT="of" WC="1.00" CC="00"/>
						<SP ID="P29_SP00599" HPOS="567" VPOS="3865" WIDTH="13"/>
						<String ID="P29_ST00666" HPOS="580" VPOS="3806" WIDTH="66" HEIGHT="38" CONTENT="the" WC="1.00" CC="000"/>
						<SP ID="P29_SP00600" HPOS="646" VPOS="3865" WIDTH="14"/>
						<String ID="P29_ST00667" HPOS="660" VPOS="3809" WIDTH="112" HEIGHT="38" CONTENT="other" WC="1.00" CC="00000"/>
						<SP ID="P29_SP00601" HPOS="772" VPOS="3865" WIDTH="11"/>
						<String ID="P29_ST00668" HPOS="783" VPOS="3811" WIDTH="99" HEIGHT="47" CONTENT="jobs," WC="1.00" CC="30000"/>
						<SP ID="P29_SP00602" HPOS="882" VPOS="3865" WIDTH="16"/>
						<String ID="P29_ST00669" HPOS="898" VPOS="3824" WIDTH="80" HEIGHT="38" CONTENT="you" WC="0.98" CC="050"/>
						<SP ID="P29_SP00603" HPOS="978" VPOS="3865" WIDTH="14"/>
						<String ID="P29_ST00670" HPOS="992" VPOS="3813" WIDTH="131" HEIGHT="46" CONTENT="finish," WC="1.00" CC="0300004"/>
						<SP ID="P29_SP00604" HPOS="1123" VPOS="3865" WIDTH="16"/>
						<String ID="P29_ST00671" HPOS="1139" VPOS="3828" WIDTH="82" HEIGHT="36" CONTENT="you" WC="0.98" CC="004"/>
						<SP ID="P29_SP00605" HPOS="1220" VPOS="3865" WIDTH="14"/>
						<String ID="P29_ST00672" HPOS="1235" VPOS="3820" WIDTH="121" HEIGHT="41" CONTENT="retire," WC="0.99" CC="2023003"/>
					</TextLine>
					<TextLine ID="P29_TL00067" HPOS="3" VPOS="3854" WIDTH="1352" HEIGHT="63">
						<String ID="P29_ST00673" HPOS="3" VPOS="3854" WIDTH="44" HEIGHT="63" CONTENT="t's" WC="0.97" CC="000"/>
						<SP ID="P29_SP00606" HPOS="47" VPOS="3917" WIDTH="20"/>
						<String ID="P29_ST00674" HPOS="68" VPOS="3855" WIDTH="36" HEIGHT="35" CONTENT="it-" WC="0.91" CC="788"/>
						<SP ID="P29_SP00607" HPOS="104" VPOS="3917" WIDTH="24"/>
						<String ID="P29_ST00675" HPOS="128" VPOS="3855" WIDTH="72" HEIGHT="36" CONTENT="But" WC="0.95" CC="770"/>
						<SP ID="P29_SP00608" HPOS="200" VPOS="3917" WIDTH="17"/>
						<String ID="P29_ST00676" HPOS="217" VPOS="3857" WIDTH="99" HEIGHT="36" CONTENT="with" WC="1.00" CC="0100"/>
						<SP ID="P29_SP00609" HPOS="317" VPOS="3917" WIDTH="19"/>
						<String ID="P29_ST00677" HPOS="335" VPOS="3860" WIDTH="183" HEIGHT="50" CONTENT="teaching" WC="1.00" CC="00000070"/>
						<SP ID="P29_SP00610" HPOS="518" VPOS="3917" WIDTH="20"/>
						<String ID="P29_ST00678" HPOS="539" VPOS="3874" WIDTH="82" HEIGHT="36" CONTENT="you" WC="0.99" CC="010"/>
						<SP ID="P29_SP00611" HPOS="620" VPOS="3917" WIDTH="19"/>
						<String ID="P29_ST00679" HPOS="639" VPOS="3865" WIDTH="120" HEIGHT="36" CONTENT="know" WC="0.98" CC="0710"/>
						<SP ID="P29_SP00612" HPOS="759" VPOS="3917" WIDTH="20"/>
						<String ID="P29_ST00680" HPOS="780" VPOS="3866" WIDTH="83" HEIGHT="36" CONTENT="that" WC="0.98" CC="3004"/>
						<SP ID="P29_SP00613" HPOS="863" VPOS="3917" WIDTH="19"/>
						<String ID="P29_ST00681" HPOS="882" VPOS="3869" WIDTH="143" HEIGHT="47" CONTENT="you've" WC="1.00" CC="020000"/>
						<SP ID="P29_SP00614" HPOS="1025" VPOS="3917" WIDTH="20"/>
						<String ID="P29_ST00682" HPOS="1046" VPOS="3872" WIDTH="172" HEIGHT="35" CONTENT="touched" WC="1.00" CC="0440000"/>
						<SP ID="P29_SP00615" HPOS="1217" VPOS="3917" WIDTH="20"/>
						<String ID="P29_ST00683" HPOS="1238" VPOS="3885" WIDTH="20" HEIGHT="24" CONTENT="a" WC="0.92" CC="0"/>
						<SP ID="P29_SP00616" HPOS="1258" VPOS="3917" WIDTH="20"/>
						<String ID="P29_ST00684" HPOS="1279" VPOS="3872" WIDTH="76" HEIGHT="38" CONTENT="life," WC="0.99" CC="01600"/>
					</TextLine>
					<TextLine ID="P29_TL00068" HPOS="3" VPOS="3909" WIDTH="1353" HEIGHT="68">
						<String ID="P29_ST00685" HPOS="3" VPOS="3909" WIDTH="19" HEIGHT="68" CONTENT="d" WC="0.06" CC="9"/>
						<SP ID="P29_SP00617" HPOS="22" VPOS="3976" WIDTH="14"/>
						<String ID="P29_ST00686" HPOS="36" VPOS="3909" WIDTH="82" HEIGHT="38" CONTENT="that" WC="0.98" CC="4040"/>
						<SP ID="P29_SP00618" HPOS="118" VPOS="3976" WIDTH="11"/>
						<String ID="P29_ST00687" HPOS="129" VPOS="3910" WIDTH="66" HEIGHT="38" CONTENT="life" WC="0.99" CC="0240"/>
						<SP ID="P29_SP00619" HPOS="195" VPOS="3976" WIDTH="11"/>
						<String ID="P29_ST00688" HPOS="206" VPOS="3913" WIDTH="128" HEIGHT="49" CONTENT="might" WC="0.99" CC="00005"/>
						<SP ID="P29_SP00620" HPOS="334" VPOS="3976" WIDTH="11"/>
						<String ID="P29_ST00689" HPOS="345" VPOS="3917" WIDTH="115" HEIGHT="35" CONTENT="reach" WC="1.00" CC="10000"/>
						<SP ID="P29_SP00621" HPOS="460" VPOS="3976" WIDTH="13"/>
						<String ID="P29_ST00690" HPOS="472" VPOS="3923" WIDTH="69" HEIGHT="31" CONTENT="out" WC="1.00" CC="000"/>
						<SP ID="P29_SP00622" HPOS="542" VPOS="3976" WIDTH="13"/>
						<String ID="P29_ST00691" HPOS="554" VPOS="3920" WIDTH="77" HEIGHT="36" CONTENT="and" WC="0.98" CC="030"/>
						<SP ID="P29_SP00623" HPOS="631" VPOS="3976" WIDTH="14"/>
						<String ID="P29_ST00692" HPOS="646" VPOS="3921" WIDTH="118" HEIGHT="36" CONTENT="touch" WC="0.98" CC="23037"/>
						<SP ID="P29_SP00624" HPOS="764" VPOS="3976" WIDTH="14"/>
						<String ID="P29_ST00693" HPOS="778" VPOS="3924" WIDTH="162" HEIGHT="35" CONTENT="another" WC="1.00" CC="0040000"/>
						<SP ID="P29_SP00625" HPOS="940" VPOS="3976" WIDTH="13"/>
						<String ID="P29_ST00694" HPOS="953" VPOS="3924" WIDTH="74" HEIGHT="36" CONTENT="life." WC="0.99" CC="00500"/>
						<SP ID="P29_SP00626" HPOS="1027" VPOS="3976" WIDTH="13"/>
						<String ID="P29_ST00695" HPOS="1039" VPOS="3926" WIDTH="91" HEIGHT="36" CONTENT="And" WC="0.97" CC="070"/>
						<SP ID="P29_SP00627" HPOS="1131" VPOS="3976" WIDTH="13"/>
						<String ID="P29_ST00696" HPOS="1143" VPOS="3940" WIDTH="82" HEIGHT="36" CONTENT="you" WC="0.98" CC="005"/>
						<SP ID="P29_SP00628" HPOS="1225" VPOS="3976" WIDTH="11"/>
						<String ID="P29_ST00697" HPOS="1236" VPOS="3942" WIDTH="120" HEIGHT="25" CONTENT="never" WC="0.99" CC="70000"/>
					</TextLine>
					<TextLine ID="P29_TL00069" HPOS="3" VPOS="3965" WIDTH="1350" HEIGHT="68">
						<String ID="P29_ST00698" HPOS="3" VPOS="3965" WIDTH="46" HEIGHT="68" CONTENT="&gt;w" WC="0.86" CC="20"/>
						<SP ID="P29_SP00629" HPOS="49" VPOS="4033" WIDTH="13"/>
						<String ID="P29_ST00699" HPOS="61" VPOS="3965" WIDTH="93" HEIGHT="38" CONTENT="who" WC="1.00" CC="000"/>
						<SP ID="P29_SP00630" HPOS="154" VPOS="4033" WIDTH="13"/>
						<String ID="P29_ST00700" HPOS="167" VPOS="3980" WIDTH="80" HEIGHT="36" CONTENT="you" WC="0.99" CC="030"/>
						<SP ID="P29_SP00631" HPOS="247" VPOS="4033" WIDTH="11"/>
						<String ID="P29_ST00701" HPOS="258" VPOS="3970" WIDTH="157" HEIGHT="36" CONTENT='touch."' WC="0.99" CC="2403008"/>
						<SP ID="P29_SP00632" HPOS="416" VPOS="4033" WIDTH="9"/>
						<String ID="P29_ST00702" HPOS="425" VPOS="3973" WIDTH="94" HEIGHT="36" CONTENT="And" WC="0.97" CC="070"/>
						<SP ID="P29_SP00633" HPOS="520" VPOS="4033" WIDTH="14"/>
						<String ID="P29_ST00703" HPOS="534" VPOS="3975" WIDTH="13" HEIGHT="35" CONTENT="I" WC="1.00" CC="0"/>
						<SP ID="P29_SP00634" HPOS="546" VPOS="4033" WIDTH="14"/>
						<String ID="P29_ST00704" HPOS="561" VPOS="3975" WIDTH="118" HEIGHT="38" CONTENT="know" WC="0.99" CC="0050"/>
						<SP ID="P29_SP00635" HPOS="679" VPOS="4033" WIDTH="13"/>
						<String ID="P29_ST00705" HPOS="691" VPOS="3976" WIDTH="115" HEIGHT="38" CONTENT="that's" WC="1.00" CC="000200"/>
						<SP ID="P29_SP00636" HPOS="806" VPOS="4033" WIDTH="13"/>
						<String ID="P29_ST00706" HPOS="819" VPOS="3978" WIDTH="101" HEIGHT="38" CONTENT="been" WC="1.00" CC="0000"/>
						<SP ID="P29_SP00637" HPOS="920" VPOS="4033" WIDTH="11"/>
						<String ID="P29_ST00707" HPOS="931" VPOS="3992" WIDTH="68" HEIGHT="38" CONTENT="my" WC="1.00" CC="00"/>
						<SP ID="P29_SP00638" HPOS="998" VPOS="4033" WIDTH="11"/>
						<String ID="P29_ST00708" HPOS="1009" VPOS="3994" WIDTH="94" HEIGHT="25" CONTENT="own" WC="1.00" CC="000"/>
						<SP ID="P29_SP00639" HPOS="1104" VPOS="4033" WIDTH="11"/>
						<String ID="P29_ST00709" HPOS="1115" VPOS="3986" WIDTH="238" HEIGHT="47" CONTENT="experience." WC="1.00" CC="00005000000"/>
					</TextLine>
				</TextBlock>
				<TextBlock ID="P29_TB00004" HPOS="1457" VPOS="139" WIDTH="625" HEIGHT="287" language="en" STYLEREFS="TXT_0 PAR_LEFT">
					<TextLine ID="P29_TL00070" HPOS="1472" VPOS="140" WIDTH="602" HEIGHT="46">
						<String ID="P29_ST00710" HPOS="1472" VPOS="140" WIDTH="129" HEIGHT="36" CONTENT="There" WC="0.99" CC="04020"/>
						<SP ID="P29_SP00640" HPOS="1602" VPOS="176" WIDTH="25"/>
						<String ID="P29_ST00711" HPOS="1627" VPOS="154" WIDTH="69" HEIGHT="25" CONTENT="are" WC="0.99" CC="030"/>
						<SP ID="P29_SP00641" HPOS="1696" VPOS="180" WIDTH="24"/>
						<String ID="P29_ST00712" HPOS="1720" VPOS="145" WIDTH="191" HEIGHT="38" CONTENT="teachers" WC="1.00" CC="00200050"/>
						<SP ID="P29_SP00642" HPOS="1910" VPOS="183" WIDTH="25"/>
						<String ID="P29_ST00713" HPOS="1935" VPOS="148" WIDTH="99" HEIGHT="38" CONTENT="who" WC="0.99" CC="003"/>
						<SP ID="P29_SP00643" HPOS="2035" VPOS="186" WIDTH="25"/>
						<String ID="P29_ST00714" HPOS="2060" VPOS="151" WIDTH="14" HEIGHT="35" CONTENT="I" WC="1.00" CC="0"/>
					</TextLine>
					<TextLine ID="P29_TL00071" HPOS="1471" VPOS="197" WIDTH="602" HEIGHT="44">
						<String ID="P29_ST00715" HPOS="1471" VPOS="208" WIDTH="120" HEIGHT="25" CONTENT="never" WC="1.00" CC="00000"/>
						<SP ID="P29_SP00644" HPOS="1591" VPOS="233" WIDTH="11"/>
						<String ID="P29_ST00716" HPOS="1602" VPOS="197" WIDTH="191" HEIGHT="39" CONTENT="bothered" WC="1.00" CC="00000300"/>
						<SP ID="P29_SP00645" HPOS="1792" VPOS="236" WIDTH="14"/>
						<String ID="P29_ST00717" HPOS="1806" VPOS="206" WIDTH="41" HEIGHT="31" CONTENT="to" WC="0.60" CC="61"/>
						<SP ID="P29_SP00646" HPOS="1847" VPOS="238" WIDTH="13"/>
						<String ID="P29_ST00718" HPOS="1860" VPOS="203" WIDTH="120" HEIGHT="36" CONTENT="thank" WC="0.98" CC="30160"/>
						<SP ID="P29_SP00647" HPOS="1980" VPOS="239" WIDTH="14"/>
						<String ID="P29_ST00719" HPOS="1994" VPOS="205" WIDTH="79" HEIGHT="36" CONTENT="and" WC="1.00" CC="000"/>
					</TextLine>
					<TextLine ID="P29_TL00072" HPOS="1471" VPOS="255" WIDTH="602" HEIGHT="43">
						<String ID="P29_ST00720" HPOS="1471" VPOS="255" WIDTH="13" HEIGHT="33" CONTENT="I" WC="0.63" CC="3"/>
						<SP ID="P29_SP00648" HPOS="1483" VPOS="288" WIDTH="33"/>
						<String ID="P29_ST00721" HPOS="1517" VPOS="255" WIDTH="88" HEIGHT="35" CONTENT="still" WC="0.99" CC="04200"/>
						<SP ID="P29_SP00649" HPOS="1605" VPOS="290" WIDTH="35"/>
						<String ID="P29_ST00722" HPOS="1639" VPOS="258" WIDTH="238" HEIGHT="36" CONTENT="remember" WC="1.00" CC="00000000"/>
						<SP ID="P29_SP00650" HPOS="1877" VPOS="294" WIDTH="31"/>
						<String ID="P29_ST00723" HPOS="1909" VPOS="265" WIDTH="164" HEIGHT="33" CONTENT="certain" WC="1.00" CC="0014000"/>
					</TextLine>
					<TextLine ID="P29_TL00073" HPOS="1471" VPOS="309" WIDTH="573" HEIGHT="57">
						<String ID="P29_ST00724" HPOS="1471" VPOS="309" WIDTH="128" HEIGHT="50" CONTENT="things" WC="0.98" CC="502501"/>
						<SP ID="P29_SP00651" HPOS="1598" VPOS="359" WIDTH="16"/>
						<String ID="P29_ST00725" HPOS="1614" VPOS="312" WIDTH="82" HEIGHT="36" CONTENT="that" WC="0.99" CC="0051"/>
						<SP ID="P29_SP00652" HPOS="1696" VPOS="359" WIDTH="16"/>
						<String ID="P29_ST00726" HPOS="1712" VPOS="313" WIDTH="93" HEIGHT="49" CONTENT="they" WC="0.99" CC="3000"/>
						<SP ID="P29_SP00653" HPOS="1805" VPOS="362" WIDTH="13"/>
						<String ID="P29_ST00727" HPOS="1817" VPOS="317" WIDTH="139" HEIGHT="49" CONTENT="taught" WC="0.99" CC="310005"/>
						<SP ID="P29_SP00654" HPOS="1956" VPOS="365" WIDTH="14"/>
						<String ID="P29_ST00728" HPOS="1970" VPOS="329" WIDTH="74" HEIGHT="25" CONTENT="me." WC="1.00" CC="000"/>
					</TextLine>
					<TextLine ID="P29_TL00074" HPOS="1526" VPOS="369" WIDTH="543" HEIGHT="52">
						<String ID="P29_ST00729" HPOS="1526" VPOS="369" WIDTH="121" HEIGHT="36" CONTENT="There" WC="1.00" CC="00010"/>
						<SP ID="P29_SP00655" HPOS="1647" VPOS="405" WIDTH="16"/>
						<String ID="P29_ST00730" HPOS="1663" VPOS="370" WIDTH="80" HEIGHT="35" CONTENT="will" WC="0.99" CC="0013"/>
						<SP ID="P29_SP00656" HPOS="1743" VPOS="405" WIDTH="17"/>
						<String ID="P29_ST00731" HPOS="1761" VPOS="370" WIDTH="47" HEIGHT="36" CONTENT="be" WC="1.00" CC="00"/>
						<SP ID="P29_SP00657" HPOS="1808" VPOS="406" WIDTH="17"/>
						<String ID="P29_ST00732" HPOS="1825" VPOS="384" WIDTH="20" HEIGHT="24" CONTENT="a" WC="1.00" CC="0"/>
						<SP ID="P29_SP00658" HPOS="1846" VPOS="408" WIDTH="19"/>
						<String ID="P29_ST00733" HPOS="1865" VPOS="378" WIDTH="106" HEIGHT="43" CONTENT="great" WC="0.98" CC="40044"/>
						<SP ID="P29_SP00659" HPOS="1970" VPOS="420" WIDTH="17"/>
						<String ID="P29_ST00734" HPOS="1987" VPOS="386" WIDTH="82" HEIGHT="27" CONTENT="mo-" WC="0.99" CC="020"/>
					</TextLine>
				</TextBlock>
				<TextBlock ID="P29_TB00005" HPOS="1457" VPOS="425" WIDTH="1435" HEIGHT="852" language="en" STYLEREFS="TXT_0 PAR_BLOCK">
					<TextLine ID="P29_TL00075" HPOS="1469" VPOS="427" WIDTH="1423" HEIGHT="63">
						<String ID="P29_ST00735" HPOS="1469" VPOS="430" WIDTH="107" HEIGHT="30" CONTENT="ment" WC="0.98" CC="0044"/>
						<SP ID="P29_SP00660" HPOS="1576" VPOS="460" WIDTH="11"/>
						<String ID="P29_ST00736" HPOS="1587" VPOS="427" WIDTH="39" HEIGHT="33" CONTENT="in" WC="0.88" CC="02"/>
						<SP ID="P29_SP00661" HPOS="1627" VPOS="460" WIDTH="13"/>
						<String ID="P29_ST00737" HPOS="1639" VPOS="438" WIDTH="20" HEIGHT="24" CONTENT="a" WC="1.00" CC="0"/>
						<SP ID="P29_SP00662" HPOS="1660" VPOS="461" WIDTH="13"/>
						<String ID="P29_ST00738" HPOS="1672" VPOS="427" WIDTH="110" HEIGHT="43" CONTENT="class," WC="0.99" CC="061003"/>
						<SP ID="P29_SP00663" HPOS="1783" VPOS="469" WIDTH="13"/>
						<String ID="P29_ST00739" HPOS="1795" VPOS="439" WIDTH="20" HEIGHT="24" CONTENT="a" WC="1.00" CC="0"/>
						<SP ID="P29_SP00664" HPOS="1816" VPOS="469" WIDTH="14"/>
						<String ID="P29_ST00740" HPOS="1830" VPOS="428" WIDTH="94" HEIGHT="36" CONTENT="kind" WC="1.00" CC="0000"/>
						<SP ID="P29_SP00665" HPOS="1924" VPOS="469" WIDTH="13"/>
						<String ID="P29_ST00741" HPOS="1937" VPOS="430" WIDTH="43" HEIGHT="36" CONTENT="of" WC="0.78" CC="40"/>
						<SP ID="P29_SP00666" HPOS="1980" VPOS="469" WIDTH="9"/>
						<String ID="P29_ST00742" HPOS="1989" VPOS="431" WIDTH="208" HEIGHT="50" CONTENT="epiphany," WC="1.00" CC="000010703"/>
						<SP ID="P29_SP00667" HPOS="2197" VPOS="482" WIDTH="13"/>
						<String ID="P29_ST00743" HPOS="2209" VPOS="435" WIDTH="134" HEIGHT="38" CONTENT="where" WC="1.00" CC="00010"/>
						<SP ID="P29_SP00668" HPOS="2343" VPOS="482" WIDTH="9"/>
						<String ID="P29_ST00744" HPOS="2353" VPOS="438" WIDTH="145" HEIGHT="38" CONTENT="there's" WC="1.00" CC="0002000"/>
						<SP ID="P29_SP00669" HPOS="2498" VPOS="482" WIDTH="11"/>
						<String ID="P29_ST00745" HPOS="2509" VPOS="439" WIDTH="77" HEIGHT="38" CONTENT="this" WC="0.97" CC="4060"/>
						<SP ID="P29_SP00670" HPOS="2586" VPOS="482" WIDTH="11"/>
						<String ID="P29_ST00746" HPOS="2597" VPOS="447" WIDTH="109" HEIGHT="43" CONTENT="great" WC="1.00" CC="01002"/>
						<SP ID="P29_SP00671" HPOS="2706" VPOS="490" WIDTH="11"/>
						<String ID="P29_ST00747" HPOS="2717" VPOS="450" WIDTH="175" HEIGHT="31" CONTENT="moment" WC="0.99" CC="000060"/>
					</TextLine>
					<TextLine ID="P29_TL00076" HPOS="1466" VPOS="480" WIDTH="1425" HEIGHT="71">
						<String ID="P29_ST00748" HPOS="1466" VPOS="480" WIDTH="131" HEIGHT="36" CONTENT="where" WC="1.00" CC="00000"/>
						<SP ID="P29_SP00672" HPOS="1597" VPOS="517" WIDTH="16"/>
						<String ID="P29_ST00749" HPOS="1613" VPOS="494" WIDTH="80" HEIGHT="36" CONTENT="you" WC="0.99" CC="002"/>
						<SP ID="P29_SP00673" HPOS="1693" VPOS="531" WIDTH="16"/>
						<String ID="P29_ST00750" HPOS="1709" VPOS="483" WIDTH="50" HEIGHT="35" CONTENT="all" WC="0.96" CC="161"/>
						<SP ID="P29_SP00674" HPOS="1759" VPOS="531" WIDTH="17"/>
						<String ID="P29_ST00751" HPOS="1776" VPOS="483" WIDTH="118" HEIGHT="38" CONTENT="know" WC="0.99" CC="0320"/>
						<SP ID="P29_SP00675" HPOS="1894" VPOS="531" WIDTH="16"/>
						<String ID="P29_ST00752" HPOS="1910" VPOS="488" WIDTH="225" HEIGHT="50" CONTENT="something" WC="1.00" CC="000000400"/>
						<SP ID="P29_SP00676" HPOS="2135" VPOS="539" WIDTH="14"/>
						<String ID="P29_ST00753" HPOS="2150" VPOS="491" WIDTH="227" HEIGHT="39" CONTENT="wonderful" WC="1.00" CC="000000524"/>
						<SP ID="P29_SP00677" HPOS="2376" VPOS="539" WIDTH="14"/>
						<String ID="P29_ST00754" HPOS="2391" VPOS="494" WIDTH="74" HEIGHT="38" CONTENT="has" WC="1.00" CC="010"/>
						<SP ID="P29_SP00678" HPOS="2465" VPOS="539" WIDTH="16"/>
						<String ID="P29_ST00755" HPOS="2480" VPOS="496" WIDTH="225" HEIGHT="50" CONTENT="happened." WC="1.00" CC="000004000"/>
						<SP ID="P29_SP00679" HPOS="2706" VPOS="546" WIDTH="16"/>
						<String ID="P29_ST00756" HPOS="2721" VPOS="501" WIDTH="31" HEIGHT="36" CONTENT="It" WC="0.91" CC="01"/>
						<SP ID="P29_SP00680" HPOS="2753" VPOS="546" WIDTH="14"/>
						<String ID="P29_ST00757" HPOS="2767" VPOS="502" WIDTH="124" HEIGHT="49" CONTENT="might" WC="0.99" CC="06001"/>
					</TextLine>
					<TextLine ID="P29_TL00077" HPOS="1466" VPOS="537" WIDTH="1426" HEIGHT="58">
						<String ID="P29_ST00758" HPOS="1466" VPOS="548" WIDTH="112" HEIGHT="25" CONTENT="come" WC="1.00" CC="0000"/>
						<SP ID="P29_SP00681" HPOS="1578" VPOS="573" WIDTH="19"/>
						<String ID="P29_ST00759" HPOS="1597" VPOS="537" WIDTH="102" HEIGHT="38" CONTENT="from" WC="0.98" CC="3120"/>
						<SP ID="P29_SP00682" HPOS="1699" VPOS="575" WIDTH="19"/>
						<String ID="P29_ST00760" HPOS="1718" VPOS="551" WIDTH="63" HEIGHT="25" CONTENT="me" WC="0.60" CC="70"/>
						<SP ID="P29_SP00683" HPOS="1781" VPOS="576" WIDTH="20"/>
						<String ID="P29_ST00761" HPOS="1802" VPOS="553" WIDTH="44" HEIGHT="24" CONTENT="or" WC="0.57" CC="52"/>
						<SP ID="P29_SP00684" HPOS="1846" VPOS="576" WIDTH="19"/>
						<String ID="P29_ST00762" HPOS="1865" VPOS="543" WIDTH="27" HEIGHT="35" CONTENT="it" WC="0.88" CC="20"/>
						<SP ID="P29_SP00685" HPOS="1891" VPOS="578" WIDTH="19"/>
						<String ID="P29_ST00763" HPOS="1910" VPOS="543" WIDTH="128" HEIGHT="50" CONTENT="might" WC="1.00" CC="00000"/>
						<SP ID="P29_SP00686" HPOS="2038" VPOS="594" WIDTH="19"/>
						<String ID="P29_ST00764" HPOS="2057" VPOS="557" WIDTH="112" HEIGHT="25" CONTENT="come" WC="1.00" CC="2000"/>
						<SP ID="P29_SP00687" HPOS="2169" VPOS="594" WIDTH="19"/>
						<String ID="P29_ST00765" HPOS="2187" VPOS="546" WIDTH="104" HEIGHT="39" CONTENT="from" WC="0.99" CC="2200"/>
						<SP ID="P29_SP00688" HPOS="2291" VPOS="594" WIDTH="17"/>
						<String ID="P29_ST00766" HPOS="2309" VPOS="561" WIDTH="22" HEIGHT="25" CONTENT="a" WC="1.00" CC="0"/>
						<SP ID="P29_SP00689" HPOS="2331" VPOS="594" WIDTH="20"/>
						<String ID="P29_ST00767" HPOS="2351" VPOS="551" WIDTH="173" HEIGHT="38" CONTENT="student." WC="1.00" CC="00000340"/>
						<SP ID="P29_SP00690" HPOS="2524" VPOS="594" WIDTH="20"/>
						<String ID="P29_ST00768" HPOS="2545" VPOS="554" WIDTH="16" HEIGHT="35" CONTENT="I" WC="1.00" CC="0"/>
						<SP ID="P29_SP00691" HPOS="2561" VPOS="594" WIDTH="17"/>
						<String ID="P29_ST00769" HPOS="2578" VPOS="557" WIDTH="220" HEIGHT="36" CONTENT="remember" WC="1.00" CC="30000002"/>
						<SP ID="P29_SP00692" HPOS="2798" VPOS="594" WIDTH="17"/>
						<String ID="P29_ST00770" HPOS="2816" VPOS="570" WIDTH="76" HEIGHT="25" CONTENT="one" WC="1.00" CC="000"/>
					</TextLine>
					<TextLine ID="P29_TL00078" HPOS="1466" VPOS="595" WIDTH="1424" HEIGHT="59">
						<String ID="P29_ST00771" HPOS="1466" VPOS="595" WIDTH="104" HEIGHT="41" CONTENT="time," WC="0.99" CC="41004"/>
						<SP ID="P29_SP00693" HPOS="1570" VPOS="636" WIDTH="16"/>
						<String ID="P29_ST00772" HPOS="1586" VPOS="595" WIDTH="58" HEIGHT="35" CONTENT="for" WC="0.99" CC="020"/>
						<SP ID="P29_SP00694" HPOS="1644" VPOS="636" WIDTH="13"/>
						<String ID="P29_ST00773" HPOS="1657" VPOS="597" WIDTH="186" HEIGHT="43" CONTENT="instance," WC="0.99" CC="303010402"/>
						<SP ID="P29_SP00695" HPOS="1843" VPOS="639" WIDTH="14"/>
						<String ID="P29_ST00774" HPOS="1857" VPOS="598" WIDTH="131" HEIGHT="38" CONTENT="where" WC="1.00" CC="03000"/>
						<SP ID="P29_SP00696" HPOS="1987" VPOS="639" WIDTH="14"/>
						<String ID="P29_ST00775" HPOS="2002" VPOS="613" WIDTH="20" HEIGHT="24" CONTENT="a" WC="1.00" CC="0"/>
						<SP ID="P29_SP00697" HPOS="2022" VPOS="639" WIDTH="16"/>
						<String ID="P29_ST00776" HPOS="2038" VPOS="603" WIDTH="161" HEIGHT="36" CONTENT="student" WC="1.00" CC="0100000"/>
						<SP ID="P29_SP00698" HPOS="2198" VPOS="639" WIDTH="13"/>
						<String ID="P29_ST00777" HPOS="2211" VPOS="616" WIDTH="101" HEIGHT="38" CONTENT="gave" WC="1.00" CC="0000"/>
						<SP ID="P29_SP00699" HPOS="2312" VPOS="654" WIDTH="14"/>
						<String ID="P29_ST00778" HPOS="2326" VPOS="619" WIDTH="20" HEIGHT="24" CONTENT="a" WC="1.00" CC="0"/>
						<SP ID="P29_SP00700" HPOS="2346" VPOS="654" WIDTH="14"/>
						<String ID="P29_ST00779" HPOS="2361" VPOS="609" WIDTH="197" HEIGHT="43" CONTENT="criticism," WC="1.00" CC="1100012004"/>
						<SP ID="P29_SP00701" HPOS="2557" VPOS="654" WIDTH="13"/>
						<String ID="P29_ST00780" HPOS="2570" VPOS="613" WIDTH="80" HEIGHT="35" CONTENT="and" WC="1.00" CC="000"/>
						<SP ID="P29_SP00702" HPOS="2650" VPOS="654" WIDTH="14"/>
						<String ID="P29_ST00781" HPOS="2665" VPOS="613" WIDTH="94" HEIGHT="36" CONTENT="then" WC="0.99" CC="2000"/>
						<SP ID="P29_SP00703" HPOS="2759" VPOS="654" WIDTH="11"/>
						<String ID="P29_ST00782" HPOS="2770" VPOS="614" WIDTH="16" HEIGHT="35" CONTENT="I" WC="1.00" CC="0"/>
						<SP ID="P29_SP00704" HPOS="2786" VPOS="654" WIDTH="13"/>
						<String ID="P29_ST00783" HPOS="2798" VPOS="616" WIDTH="91" HEIGHT="36" CONTENT="read" WC="1.00" CC="2000"/>
					</TextLine>
					<TextLine ID="P29_TL00079" HPOS="1465" VPOS="649" WIDTH="1425" HEIGHT="60">
						<String ID="P29_ST00784" HPOS="1465" VPOS="660" WIDTH="20" HEIGHT="24" CONTENT="a" WC="0.85" CC="1"/>
						<SP ID="P29_SP00705" HPOS="1485" VPOS="683" WIDTH="16"/>
						<String ID="P29_ST00785" HPOS="1501" VPOS="649" WIDTH="213" HEIGHT="49" CONTENT="published" WC="1.00" CC="000000000"/>
						<SP ID="P29_SP00706" HPOS="1713" VPOS="698" WIDTH="16"/>
						<String ID="P29_ST00786" HPOS="1729" VPOS="655" WIDTH="183" HEIGHT="35" CONTENT="criticism" WC="1.00" CC="000360000"/>
						<SP ID="P29_SP00707" HPOS="1912" VPOS="698" WIDTH="14"/>
						<String ID="P29_ST00787" HPOS="1926" VPOS="655" WIDTH="44" HEIGHT="36" CONTENT="of" WC="0.83" CC="02"/>
						<SP ID="P29_SP00708" HPOS="1970" VPOS="698" WIDTH="13"/>
						<String ID="P29_ST00788" HPOS="1983" VPOS="655" WIDTH="65" HEIGHT="38" CONTENT="the" WC="0.98" CC="500"/>
						<SP ID="P29_SP00709" HPOS="2047" VPOS="698" WIDTH="16"/>
						<String ID="P29_ST00789" HPOS="2063" VPOS="669" WIDTH="109" HEIGHT="25" CONTENT="same" WC="1.00" CC="0000"/>
						<SP ID="P29_SP00710" HPOS="2172" VPOS="698" WIDTH="16"/>
						<String ID="P29_ST00790" HPOS="2187" VPOS="661" WIDTH="110" HEIGHT="47" CONTENT="piece" WC="1.00" CC="02000"/>
						<SP ID="P29_SP00711" HPOS="2298" VPOS="709" WIDTH="16"/>
						<String ID="P29_ST00791" HPOS="2313" VPOS="663" WIDTH="79" HEIGHT="36" CONTENT="and" WC="0.97" CC="160"/>
						<SP ID="P29_SP00712" HPOS="2392" VPOS="709" WIDTH="17"/>
						<String ID="P29_ST00792" HPOS="2409" VPOS="665" WIDTH="30" HEIGHT="35" CONTENT="it" WC="0.56" CC="17"/>
						<SP ID="P29_SP00713" HPOS="2439" VPOS="709" WIDTH="13"/>
						<String ID="P29_ST00793" HPOS="2452" VPOS="677" WIDTH="83" HEIGHT="24" CONTENT="was" WC="1.00" CC="000"/>
						<SP ID="P29_SP00714" HPOS="2535" VPOS="709" WIDTH="17"/>
						<String ID="P29_ST00794" HPOS="2553" VPOS="677" WIDTH="44" HEIGHT="25" CONTENT="so" WC="1.00" CC="00"/>
						<SP ID="P29_SP00715" HPOS="2597" VPOS="709" WIDTH="16"/>
						<String ID="P29_ST00795" HPOS="2613" VPOS="666" WIDTH="102" HEIGHT="39" CONTENT="clear" WC="0.99" CC="00005"/>
						<SP ID="P29_SP00716" HPOS="2715" VPOS="709" WIDTH="13"/>
						<String ID="P29_ST00796" HPOS="2728" VPOS="669" WIDTH="83" HEIGHT="38" CONTENT="that" WC="0.99" CC="0006"/>
						<SP ID="P29_SP00717" HPOS="2811" VPOS="709" WIDTH="14"/>
						<String ID="P29_ST00797" HPOS="2825" VPOS="671" WIDTH="65" HEIGHT="36" CONTENT="the" WC="1.00" CC="000"/>
					</TextLine>
					<TextLine ID="P29_TL00080" HPOS="1465" VPOS="707" WIDTH="1422" HEIGHT="59">
						<String ID="P29_ST00798" HPOS="1465" VPOS="707" WIDTH="159" HEIGHT="35" CONTENT="student" WC="1.00" CC="0200001"/>
						<SP ID="P29_SP00718" HPOS="1624" VPOS="742" WIDTH="13"/>
						<String ID="P29_ST00799" HPOS="1636" VPOS="707" WIDTH="80" HEIGHT="38" CONTENT="had" WC="1.00" CC="000"/>
						<SP ID="P29_SP00719" HPOS="1717" VPOS="745" WIDTH="13"/>
						<String ID="P29_ST00800" HPOS="1729" VPOS="709" WIDTH="104" HEIGHT="38" CONTENT="done" WC="0.99" CC="3000"/>
						<SP ID="P29_SP00720" HPOS="1833" VPOS="746" WIDTH="14"/>
						<String ID="P29_ST00801" HPOS="1847" VPOS="723" WIDTH="19" HEIGHT="24" CONTENT="a" WC="0.65" CC="3"/>
						<SP ID="P29_SP00721" HPOS="1866" VPOS="746" WIDTH="13"/>
						<String ID="P29_ST00802" HPOS="1879" VPOS="712" WIDTH="124" HEIGHT="38" CONTENT="better" WC="1.00" CC="000100"/>
						<SP ID="P29_SP00722" HPOS="2003" VPOS="750" WIDTH="8"/>
						<String ID="P29_ST00803" HPOS="2011" VPOS="715" WIDTH="76" HEIGHT="47" CONTENT="job." WC="0.98" CC="3500"/>
						<SP ID="P29_SP00723" HPOS="2087" VPOS="762" WIDTH="13"/>
						<String ID="P29_ST00804" HPOS="2099" VPOS="717" WIDTH="91" HEIGHT="35" CONTENT="And" WC="1.00" CC="000"/>
						<SP ID="P29_SP00724" HPOS="2191" VPOS="762" WIDTH="14"/>
						<String ID="P29_ST00805" HPOS="2205" VPOS="729" WIDTH="61" HEIGHT="24" CONTENT="we" WC="1.00" CC="00"/>
						<SP ID="P29_SP00725" HPOS="2266" VPOS="762" WIDTH="13"/>
						<String ID="P29_ST00806" HPOS="2279" VPOS="718" WIDTH="50" HEIGHT="36" CONTENT="all" WC="1.00" CC="000"/>
						<SP ID="P29_SP00726" HPOS="2329" VPOS="762" WIDTH="13"/>
						<String ID="P29_ST00807" HPOS="2342" VPOS="718" WIDTH="69" HEIGHT="38" CONTENT="felt" WC="0.98" CC="3033"/>
						<SP ID="P29_SP00727" HPOS="2411" VPOS="762" WIDTH="11"/>
						<String ID="P29_ST00808" HPOS="2422" VPOS="732" WIDTH="44" HEIGHT="25" CONTENT="so" WC="0.81" CC="30"/>
						<SP ID="P29_SP00728" HPOS="2466" VPOS="762" WIDTH="13"/>
						<String ID="P29_ST00809" HPOS="2479" VPOS="723" WIDTH="227" HEIGHT="38" CONTENT="wonderful" WC="0.99" CC="004004500"/>
						<SP ID="P29_SP00729" HPOS="2706" VPOS="762" WIDTH="13"/>
						<String ID="P29_ST00810" HPOS="2718" VPOS="726" WIDTH="121" HEIGHT="38" CONTENT="about" WC="0.99" CC="00501"/>
						<SP ID="P29_SP00730" HPOS="2839" VPOS="764" WIDTH="9"/>
						<String ID="P29_ST00811" HPOS="2849" VPOS="731" WIDTH="38" HEIGHT="35" CONTENT="it." WC="1.00" CC="000"/>
					</TextLine>
					<TextLine ID="P29_TL00081" HPOS="1523" VPOS="762" WIDTH="1365" HEIGHT="68">
						<String ID="P29_ST00812" HPOS="1523" VPOS="762" WIDTH="71" HEIGHT="38" CONTENT="But" WC="0.99" CC="200"/>
						<SP ID="P29_SP00731" HPOS="1594" VPOS="800" WIDTH="20"/>
						<String ID="P29_ST00813" HPOS="1614" VPOS="764" WIDTH="83" HEIGHT="38" CONTENT="also" WC="0.99" CC="0031"/>
						<SP ID="P29_SP00732" HPOS="1698" VPOS="802" WIDTH="20"/>
						<String ID="P29_ST00814" HPOS="1718" VPOS="765" WIDTH="65" HEIGHT="38" CONTENT="the" WC="0.97" CC="450"/>
						<SP ID="P29_SP00733" HPOS="1783" VPOS="803" WIDTH="20"/>
						<String ID="P29_ST00815" HPOS="1803" VPOS="767" WIDTH="189" HEIGHT="38" CONTENT="feedback" WC="1.00" CC="00003000"/>
						<SP ID="P29_SP00734" HPOS="1992" VPOS="805" WIDTH="20"/>
						<String ID="P29_ST00816" HPOS="2013" VPOS="783" WIDTH="80" HEIGHT="36" CONTENT="you" WC="0.99" CC="002"/>
						<SP ID="P29_SP00735" HPOS="2093" VPOS="819" WIDTH="20"/>
						<String ID="P29_ST00817" HPOS="2113" VPOS="776" WIDTH="65" HEIGHT="44" CONTENT="get" WC="0.99" CC="002"/>
						<SP ID="P29_SP00736" HPOS="2178" VPOS="820" WIDTH="19"/>
						<String ID="P29_ST00818" HPOS="2197" VPOS="773" WIDTH="104" HEIGHT="38" CONTENT="from" WC="1.00" CC="0000"/>
						<SP ID="P29_SP00737" HPOS="2301" VPOS="820" WIDTH="19"/>
						<String ID="P29_ST00819" HPOS="2320" VPOS="776" WIDTH="184" HEIGHT="39" CONTENT="students" WC="1.00" CC="03100500"/>
						<SP ID="P29_SP00738" HPOS="2504" VPOS="820" WIDTH="20"/>
						<String ID="P29_ST00820" HPOS="2524" VPOS="781" WIDTH="33" HEIGHT="35" CONTENT="is" WC="0.80" CC="30"/>
						<SP ID="P29_SP00739" HPOS="2557" VPOS="820" WIDTH="20"/>
						<String ID="P29_ST00821" HPOS="2578" VPOS="781" WIDTH="227" HEIGHT="49" CONTENT="important;" WC="1.00" CC="1001034000"/>
						<SP ID="P29_SP00740" HPOS="2805" VPOS="830" WIDTH="17"/>
						<String ID="P29_ST00822" HPOS="2822" VPOS="784" WIDTH="66" HEIGHT="38" CONTENT="the" WC="0.97" CC="160"/>
					</TextLine>
					<TextLine ID="P29_TL00082" HPOS="1463" VPOS="820" WIDTH="1425" HEIGHT="62">
						<String ID="P29_ST00823" HPOS="1463" VPOS="830" WIDTH="96" HEIGHT="25" CONTENT="ones" WC="0.98" CC="2700"/>
						<SP ID="P29_SP00741" HPOS="1559" VPOS="855" WIDTH="14"/>
						<String ID="P29_ST00824" HPOS="1573" VPOS="820" WIDTH="82" HEIGHT="36" CONTENT="that" WC="0.99" CC="1004"/>
						<SP ID="P29_SP00742" HPOS="1655" VPOS="857" WIDTH="14"/>
						<String ID="P29_ST00825" HPOS="1669" VPOS="822" WIDTH="118" HEIGHT="38" CONTENT="relate" WC="0.99" CC="103200"/>
						<SP ID="P29_SP00743" HPOS="1787" VPOS="860" WIDTH="14"/>
						<String ID="P29_ST00826" HPOS="1802" VPOS="830" WIDTH="39" HEIGHT="31" CONTENT="to" WC="0.66" CC="23"/>
						<SP ID="P29_SP00744" HPOS="1841" VPOS="861" WIDTH="16"/>
						<String ID="P29_ST00827" HPOS="1857" VPOS="838" WIDTH="63" HEIGHT="25" CONTENT="me" WC="1.00" CC="00"/>
						<SP ID="P29_SP00745" HPOS="1920" VPOS="863" WIDTH="16"/>
						<String ID="P29_ST00828" HPOS="1935" VPOS="838" WIDTH="39" HEIGHT="25" CONTENT="as" WC="1.00" CC="00"/>
						<SP ID="P29_SP00746" HPOS="1975" VPOS="863" WIDTH="16"/>
						<String ID="P29_ST00829" HPOS="1991" VPOS="839" WIDTH="22" HEIGHT="24" CONTENT="a" WC="1.00" CC="0"/>
						<SP ID="P29_SP00747" HPOS="2013" VPOS="863" WIDTH="14"/>
						<String ID="P29_ST00830" HPOS="2027" VPOS="828" WIDTH="151" HEIGHT="36" CONTENT="human" WC="0.98" CC="05006"/>
						<SP ID="P29_SP00748" HPOS="2178" VPOS="865" WIDTH="13"/>
						<String ID="P29_ST00831" HPOS="2191" VPOS="830" WIDTH="120" HEIGHT="52" CONTENT="being" WC="0.99" CC="00160"/>
						<SP ID="P29_SP00749" HPOS="2310" VPOS="882" WIDTH="16"/>
						<String ID="P29_ST00832" HPOS="2326" VPOS="846" WIDTH="63" HEIGHT="25" CONTENT="are" WC="0.99" CC="002"/>
						<SP ID="P29_SP00750" HPOS="2389" VPOS="882" WIDTH="16"/>
						<String ID="P29_ST00833" HPOS="2405" VPOS="835" WIDTH="66" HEIGHT="38" CONTENT="the" WC="1.00" CC="000"/>
						<SP ID="P29_SP00751" HPOS="2471" VPOS="882" WIDTH="14"/>
						<String ID="P29_ST00834" HPOS="2485" VPOS="838" WIDTH="110" HEIGHT="35" CONTENT="one's" WC="1.00" CC="00000"/>
						<SP ID="P29_SP00752" HPOS="2595" VPOS="882" WIDTH="16"/>
						<String ID="P29_ST00835" HPOS="2611" VPOS="838" WIDTH="82" HEIGHT="38" CONTENT="that" WC="0.99" CC="0003"/>
						<SP ID="P29_SP00753" HPOS="2693" VPOS="882" WIDTH="14"/>
						<String ID="P29_ST00836" HPOS="2707" VPOS="852" WIDTH="63" HEIGHT="25" CONTENT="are" WC="1.00" CC="000"/>
						<SP ID="P29_SP00754" HPOS="2770" VPOS="882" WIDTH="16"/>
						<String ID="P29_ST00837" HPOS="2786" VPOS="847" WIDTH="102" HEIGHT="31" CONTENT="most" WC="0.98" CC="4302"/>
					</TextLine>
					<TextLine ID="P29_TL00083" HPOS="1463" VPOS="877" WIDTH="1424" HEIGHT="68">
						<String ID="P29_ST00838" HPOS="1463" VPOS="877" WIDTH="222" HEIGHT="47" CONTENT="important." WC="1.00" CC="0000160070"/>
						<SP ID="P29_SP00755" HPOS="1685" VPOS="924" WIDTH="20"/>
						<String ID="P29_ST00839" HPOS="1706" VPOS="880" WIDTH="91" HEIGHT="36" CONTENT="And" WC="0.97" CC="070"/>
						<SP ID="P29_SP00756" HPOS="1797" VPOS="924" WIDTH="22"/>
						<String ID="P29_ST00840" HPOS="1819" VPOS="882" WIDTH="13" HEIGHT="35" CONTENT="I" WC="0.97" CC="0"/>
						<SP ID="P29_SP00757" HPOS="1831" VPOS="924" WIDTH="20"/>
						<String ID="P29_ST00841" HPOS="1852" VPOS="882" WIDTH="101" HEIGHT="50" CONTENT="truly" WC="1.00" CC="10200"/>
						<SP ID="P29_SP00758" HPOS="1953" VPOS="932" WIDTH="19"/>
						<String ID="P29_ST00842" HPOS="1972" VPOS="883" WIDTH="153" HEIGHT="38" CONTENT="believe" WC="1.00" CC="0040000"/>
						<SP ID="P29_SP00759" HPOS="2124" VPOS="932" WIDTH="19"/>
						<String ID="P29_ST00843" HPOS="2143" VPOS="887" WIDTH="82" HEIGHT="38" CONTENT="that" WC="0.97" CC="5600"/>
						<SP ID="P29_SP00760" HPOS="2225" VPOS="932" WIDTH="19"/>
						<String ID="P29_ST00844" HPOS="2244" VPOS="890" WIDTH="47" HEIGHT="35" CONTENT="90" WC="0.82" CC="30"/>
						<SP ID="P29_SP00761" HPOS="2291" VPOS="932" WIDTH="17"/>
						<String ID="P29_ST00845" HPOS="2309" VPOS="896" WIDTH="162" HEIGHT="43" CONTENT="percent" WC="0.98" CC="0250473"/>
						<SP ID="P29_SP00762" HPOS="2471" VPOS="939" WIDTH="20"/>
						<String ID="P29_ST00846" HPOS="2491" VPOS="891" WIDTH="43" HEIGHT="38" CONTENT="of" WC="0.76" CC="04"/>
						<SP ID="P29_SP00763" HPOS="2534" VPOS="939" WIDTH="16"/>
						<String ID="P29_ST00847" HPOS="2550" VPOS="894" WIDTH="109" HEIGHT="38" CONTENT="what" WC="1.00" CC="0002"/>
						<SP ID="P29_SP00764" HPOS="2658" VPOS="939" WIDTH="17"/>
						<String ID="P29_ST00848" HPOS="2676" VPOS="907" WIDTH="82" HEIGHT="38" CONTENT="you" WC="0.96" CC="820"/>
						<SP ID="P29_SP00765" HPOS="2757" VPOS="945" WIDTH="19"/>
						<String ID="P29_ST00849" HPOS="2776" VPOS="899" WIDTH="110" HEIGHT="36" CONTENT="teach" WC="0.99" CC="05020"/>
					</TextLine>
					<TextLine ID="P29_TL00084" HPOS="1461" VPOS="934" WIDTH="1424" HEIGHT="69">
						<String ID="P29_ST00850" HPOS="1461" VPOS="934" WIDTH="191" HEIGHT="43" CONTENT="students," WC="0.99" CC="030006204"/>
						<SP ID="P29_SP00766" HPOS="1652" VPOS="976" WIDTH="20"/>
						<String ID="P29_ST00851" HPOS="1672" VPOS="935" WIDTH="146" HEIGHT="50" CONTENT="they're" WC="1.00" CC="0000030"/>
						<SP ID="P29_SP00767" HPOS="1819" VPOS="986" WIDTH="17"/>
						<String ID="P29_ST00852" HPOS="1836" VPOS="942" WIDTH="121" HEIGHT="47" CONTENT="going" WC="1.00" CC="00000"/>
						<SP ID="P29_SP00768" HPOS="1957" VPOS="989" WIDTH="17"/>
						<String ID="P29_ST00853" HPOS="1975" VPOS="945" WIDTH="39" HEIGHT="31" CONTENT="to" WC="0.88" CC="20"/>
						<SP ID="P29_SP00769" HPOS="2014" VPOS="989" WIDTH="19"/>
						<String ID="P29_ST00854" HPOS="2033" VPOS="942" WIDTH="134" HEIGHT="50" CONTENT="forget." WC="1.00" CC="5200000"/>
						<SP ID="P29_SP00770" HPOS="2167" VPOS="992" WIDTH="20"/>
						<String ID="P29_ST00855" HPOS="2187" VPOS="945" WIDTH="14" HEIGHT="35" CONTENT="I" WC="1.00" CC="0"/>
						<SP ID="P29_SP00771" HPOS="2202" VPOS="992" WIDTH="17"/>
						<String ID="P29_ST00856" HPOS="2219" VPOS="945" WIDTH="113" HEIGHT="38" CONTENT="think" WC="1.00" CC="00000"/>
						<SP ID="P29_SP00772" HPOS="2332" VPOS="992" WIDTH="17"/>
						<String ID="P29_ST00857" HPOS="2350" VPOS="948" WIDTH="83" HEIGHT="36" CONTENT="that" WC="1.00" CC="0001"/>
						<SP ID="P29_SP00773" HPOS="2433" VPOS="992" WIDTH="17"/>
						<String ID="P29_ST00858" HPOS="2450" VPOS="950" WIDTH="121" HEIGHT="50" CONTENT="really" WC="0.98" CC="000268"/>
						<SP ID="P29_SP00774" HPOS="2572" VPOS="1000" WIDTH="17"/>
						<String ID="P29_ST00859" HPOS="2589" VPOS="953" WIDTH="41" HEIGHT="35" CONTENT="in" WC="1.00" CC="00"/>
						<SP ID="P29_SP00775" HPOS="2630" VPOS="1000" WIDTH="17"/>
						<String ID="P29_ST00860" HPOS="2647" VPOS="953" WIDTH="157" HEIGHT="50" CONTENT="college," WC="0.99" CC="12420804"/>
						<SP ID="P29_SP00776" HPOS="2805" VPOS="1003" WIDTH="17"/>
						<String ID="P29_ST00861" HPOS="2822" VPOS="967" WIDTH="43" HEIGHT="25" CONTENT="ex" SUBS_TYPE="HypPart1" SUBS_CONTENT="except" WC="1.00" CC="00"/>
						<HYP HPOS="2865" VPOS="967" WIDTH="20" CONTENT="-"/>
					</TextLine>
					<TextLine ID="P29_TL00085" HPOS="1460" VPOS="992" WIDTH="1425" HEIGHT="65">
						<String ID="P29_ST00862" HPOS="1460" VPOS="995" WIDTH="88" HEIGHT="44" CONTENT="cept" SUBS_TYPE="HypPart2" SUBS_CONTENT="except" WC="0.99" CC="5000"/>
						<SP ID="P29_SP00777" HPOS="1548" VPOS="1039" WIDTH="13"/>
						<String ID="P29_ST00863" HPOS="1561" VPOS="992" WIDTH="38" HEIGHT="35" CONTENT="in" WC="1.00" CC="00"/>
						<SP ID="P29_SP00778" HPOS="1598" VPOS="1039" WIDTH="13"/>
						<String ID="P29_ST00864" HPOS="1611" VPOS="995" WIDTH="143" HEIGHT="35" CONTENT="certain" WC="0.98" CC="4090700"/>
						<SP ID="P29_SP00779" HPOS="1754" VPOS="1039" WIDTH="13"/>
						<String ID="P29_ST00865" HPOS="1767" VPOS="1005" WIDTH="107" HEIGHT="27" CONTENT="areas" WC="0.98" CC="00773"/>
						<SP ID="P29_SP00780" HPOS="1874" VPOS="1039" WIDTH="11"/>
						<String ID="P29_ST00866" HPOS="1885" VPOS="995" WIDTH="77" HEIGHT="38" CONTENT="like" WC="0.97" CC="4207"/>
						<SP ID="P29_SP00781" HPOS="1962" VPOS="1039" WIDTH="11"/>
						<String ID="P29_ST00867" HPOS="1973" VPOS="1009" WIDTH="101" HEIGHT="38" CONTENT="your" WC="0.98" CC="0008"/>
						<SP ID="P29_SP00782" HPOS="2074" VPOS="1047" WIDTH="11"/>
						<String ID="P29_ST00868" HPOS="2085" VPOS="1002" WIDTH="129" HEIGHT="47" CONTENT="major," WC="0.97" CC="073474"/>
						<SP ID="P29_SP00783" HPOS="2214" VPOS="1049" WIDTH="13"/>
						<String ID="P29_ST00869" HPOS="2227" VPOS="1013" WIDTH="82" HEIGHT="38" CONTENT="you" WC="0.96" CC="830"/>
						<SP ID="P29_SP00784" HPOS="2309" VPOS="1050" WIDTH="9"/>
						<String ID="P29_ST00870" HPOS="2318" VPOS="1003" WIDTH="91" HEIGHT="38" CONTENT="take" WC="0.97" CC="0707"/>
						<SP ID="P29_SP00785" HPOS="2409" VPOS="1050" WIDTH="11"/>
						<String ID="P29_ST00871" HPOS="2420" VPOS="1016" WIDTH="79" HEIGHT="27" CONTENT="one" WC="0.93" CC="476"/>
						<SP ID="P29_SP00786" HPOS="2499" VPOS="1050" WIDTH="9"/>
						<String ID="P29_ST00872" HPOS="2509" VPOS="1006" WIDTH="148" HEIGHT="50" CONTENT="subject" WC="0.98" CC="0703617"/>
						<SP ID="P29_SP00787" HPOS="2657" VPOS="1057" WIDTH="9"/>
						<String ID="P29_ST00873" HPOS="2666" VPOS="1020" WIDTH="46" HEIGHT="27" CONTENT="or" WC="0.72" CC="50"/>
						<SP ID="P29_SP00788" HPOS="2712" VPOS="1057" WIDTH="11"/>
						<String ID="P29_ST00874" HPOS="2723" VPOS="1011" WIDTH="162" HEIGHT="38" CONTENT="another" WC="0.98" CC="0060765"/>
					</TextLine>
					<TextLine ID="P29_TL00086" HPOS="1460" VPOS="1050" WIDTH="1424" HEIGHT="70">
						<String ID="P29_ST00875" HPOS="1460" VPOS="1052" WIDTH="39" HEIGHT="31" CONTENT="to" WC="0.70" CC="41"/>
						<SP ID="P29_SP00789" HPOS="1499" VPOS="1083" WIDTH="13"/>
						<String ID="P29_ST00876" HPOS="1512" VPOS="1050" WIDTH="167" HEIGHT="35" CONTENT="exercise" WC="1.00" CC="20000000"/>
						<SP ID="P29_SP00790" HPOS="1679" VPOS="1085" WIDTH="13"/>
						<String ID="P29_ST00877" HPOS="1691" VPOS="1063" WIDTH="99" HEIGHT="36" CONTENT="your" WC="0.99" CC="0003"/>
						<SP ID="P29_SP00791" HPOS="1791" VPOS="1099" WIDTH="13"/>
						<String ID="P29_ST00878" HPOS="1803" VPOS="1054" WIDTH="123" HEIGHT="36" CONTENT="mind." WC="0.99" CC="00700"/>
						<SP ID="P29_SP00792" HPOS="1926" VPOS="1099" WIDTH="11"/>
						<String ID="P29_ST00879" HPOS="1937" VPOS="1055" WIDTH="93" HEIGHT="36" CONTENT="And" WC="1.00" CC="000"/>
						<SP ID="P29_SP00793" HPOS="2030" VPOS="1099" WIDTH="14"/>
						<String ID="P29_ST00880" HPOS="2044" VPOS="1068" WIDTH="82" HEIGHT="38" CONTENT="you" WC="1.00" CC="000"/>
						<SP ID="P29_SP00794" HPOS="2126" VPOS="1106" WIDTH="11"/>
						<String ID="P29_ST00881" HPOS="2137" VPOS="1060" WIDTH="187" HEIGHT="49" CONTENT="certainly" WC="1.00" CC="000000630"/>
						<SP ID="P29_SP00795" HPOS="2324" VPOS="1109" WIDTH="11"/>
						<String ID="P29_ST00882" HPOS="2335" VPOS="1066" WIDTH="110" HEIGHT="33" CONTENT="want" WC="0.98" CC="0046"/>
						<SP ID="P29_SP00796" HPOS="2446" VPOS="1109" WIDTH="11"/>
						<String ID="P29_ST00883" HPOS="2457" VPOS="1068" WIDTH="41" HEIGHT="31" CONTENT="to" WC="1.00" CC="00"/>
						<SP ID="P29_SP00797" HPOS="2498" VPOS="1109" WIDTH="13"/>
						<String ID="P29_ST00884" HPOS="2510" VPOS="1069" WIDTH="65" HEIGHT="44" CONTENT="get" WC="0.99" CC="002"/>
						<SP ID="P29_SP00798" HPOS="2575" VPOS="1113" WIDTH="13"/>
						<String ID="P29_ST00885" HPOS="2587" VPOS="1076" WIDTH="20" HEIGHT="25" CONTENT="a" WC="1.00" CC="0"/>
						<SP ID="P29_SP00799" HPOS="2608" VPOS="1113" WIDTH="13"/>
						<String ID="P29_ST00886" HPOS="2620" VPOS="1069" WIDTH="145" HEIGHT="35" CONTENT="certain" WC="0.99" CC="0004004"/>
						<SP ID="P29_SP00800" HPOS="2765" VPOS="1113" WIDTH="11"/>
						<String ID="P29_ST00887" HPOS="2776" VPOS="1068" WIDTH="107" HEIGHT="52" CONTENT="body" WC="1.00" CC="0200"/>
					</TextLine>
					<TextLine ID="P29_TL00087" HPOS="1458" VPOS="1104" WIDTH="1426" HEIGHT="71">
						<String ID="P29_ST00888" HPOS="1458" VPOS="1104" WIDTH="43" HEIGHT="36" CONTENT="of" WC="0.93" CC="01"/>
						<SP ID="P29_SP00801" HPOS="1501" VPOS="1140" WIDTH="13"/>
						<String ID="P29_ST00889" HPOS="1513" VPOS="1104" WIDTH="238" HEIGHT="52" CONTENT="knowledge" WC="1.00" CC="000050000"/>
						<SP ID="P29_SP00802" HPOS="1751" VPOS="1156" WIDTH="14"/>
						<String ID="P29_ST00890" HPOS="1765" VPOS="1107" WIDTH="120" HEIGHT="38" CONTENT="about" WC="0.99" CC="00043"/>
						<SP ID="P29_SP00803" HPOS="1885" VPOS="1156" WIDTH="16"/>
						<String ID="P29_ST00891" HPOS="1901" VPOS="1123" WIDTH="99" HEIGHT="36" CONTENT="your" WC="0.98" CC="0244"/>
						<SP ID="P29_SP00804" HPOS="2000" VPOS="1159" WIDTH="13"/>
						<String ID="P29_ST00892" HPOS="2013" VPOS="1112" WIDTH="162" HEIGHT="46" CONTENT="culture," WC="1.00" CC="00020004"/>
						<SP ID="P29_SP00805" HPOS="2175" VPOS="1159" WIDTH="14"/>
						<String ID="P29_ST00893" HPOS="2189" VPOS="1115" WIDTH="72" HEIGHT="36" CONTENT="but" WC="1.00" CC="000"/>
						<SP ID="P29_SP00806" HPOS="2261" VPOS="1159" WIDTH="13"/>
						<String ID="P29_ST00894" HPOS="2274" VPOS="1117" WIDTH="16" HEIGHT="35" CONTENT="I" WC="1.00" CC="0"/>
						<SP ID="P29_SP00807" HPOS="2290" VPOS="1159" WIDTH="14"/>
						<String ID="P29_ST00895" HPOS="2304" VPOS="1117" WIDTH="55" HEIGHT="38" CONTENT="do" WC="0.84" CC="03"/>
						<SP ID="P29_SP00808" HPOS="2359" VPOS="1159" WIDTH="14"/>
						<String ID="P29_ST00896" HPOS="2373" VPOS="1117" WIDTH="115" HEIGHT="39" CONTENT="think" WC="0.99" CC="12400"/>
						<SP ID="P29_SP00809" HPOS="2488" VPOS="1159" WIDTH="14"/>
						<String ID="P29_ST00897" HPOS="2502" VPOS="1120" WIDTH="83" HEIGHT="39" CONTENT="that" WC="1.00" CC="0002"/>
						<SP ID="P29_SP00810" HPOS="2586" VPOS="1159" WIDTH="13"/>
						<String ID="P29_ST00898" HPOS="2598" VPOS="1121" WIDTH="66" HEIGHT="38" CONTENT="the" WC="1.00" CC="000"/>
						<SP ID="P29_SP00811" HPOS="2665" VPOS="1159" WIDTH="14"/>
						<String ID="P29_ST00899" HPOS="2679" VPOS="1123" WIDTH="106" HEIGHT="50" CONTENT="large" WC="0.99" CC="60010"/>
						<SP ID="P29_SP00812" HPOS="2784" VPOS="1173" WIDTH="13"/>
						<String ID="P29_ST00900" HPOS="2797" VPOS="1131" WIDTH="87" HEIGHT="44" CONTENT="part" WC="0.99" CC="0030"/>
					</TextLine>
					<TextLine ID="P29_TL00088" HPOS="1457" VPOS="1161" WIDTH="1425" HEIGHT="71">
						<String ID="P29_ST00901" HPOS="1457" VPOS="1161" WIDTH="44" HEIGHT="36" CONTENT="of" WC="0.63" CC="34"/>
						<SP ID="P29_SP00813" HPOS="1501" VPOS="1197" WIDTH="9"/>
						<String ID="P29_ST00902" HPOS="1510" VPOS="1161" WIDTH="209" HEIGHT="39" CONTENT="education" WC="1.00" CC="001000010"/>
						<SP ID="P29_SP00814" HPOS="1720" VPOS="1200" WIDTH="13"/>
						<String ID="P29_ST00903" HPOS="1732" VPOS="1167" WIDTH="31" HEIGHT="33" CONTENT="is" WC="1.00" CC="00"/>
						<SP ID="P29_SP00815" HPOS="1764" VPOS="1200" WIDTH="13"/>
						<String ID="P29_ST00904" HPOS="1776" VPOS="1170" WIDTH="39" HEIGHT="31" CONTENT="to" WC="0.81" CC="30"/>
						<SP ID="P29_SP00816" HPOS="1816" VPOS="1202" WIDTH="11"/>
						<String ID="P29_ST00905" HPOS="1827" VPOS="1172" WIDTH="65" HEIGHT="43" CONTENT="get" WC="0.98" CC="201"/>
						<SP ID="P29_SP00817" HPOS="1891" VPOS="1214" WIDTH="11"/>
						<String ID="P29_ST00906" HPOS="1902" VPOS="1172" WIDTH="255" HEIGHT="46" CONTENT="perspective." WC="1.00" CC="000000100000"/>
						<SP ID="P29_SP00818" HPOS="2157" VPOS="1217" WIDTH="13"/>
						<String ID="P29_ST00907" HPOS="2170" VPOS="1172" WIDTH="35" HEIGHT="36" CONTENT="If" WC="1.00" CC="00"/>
						<SP ID="P29_SP00819" HPOS="2205" VPOS="1217" WIDTH="8"/>
						<String ID="P29_ST00908" HPOS="2213" VPOS="1184" WIDTH="82" HEIGHT="36" CONTENT="you" WC="0.98" CC="060"/>
						<SP ID="P29_SP00820" HPOS="2294" VPOS="1220" WIDTH="13"/>
						<String ID="P29_ST00909" HPOS="2307" VPOS="1175" WIDTH="123" HEIGHT="50" CONTENT="study" WC="0.97" CC="51507"/>
						<SP ID="P29_SP00821" HPOS="2430" VPOS="1225" WIDTH="9"/>
						<String ID="P29_ST00910" HPOS="2439" VPOS="1176" WIDTH="153" HEIGHT="52" CONTENT="history" WC="0.99" CC="0400036"/>
						<SP ID="P29_SP00822" HPOS="2592" VPOS="1228" WIDTH="11"/>
						<String ID="P29_ST00911" HPOS="2603" VPOS="1191" WIDTH="44" HEIGHT="25" CONTENT="or" WC="0.89" CC="02"/>
						<SP ID="P29_SP00823" HPOS="2647" VPOS="1228" WIDTH="11"/>
						<String ID="P29_ST00912" HPOS="2658" VPOS="1180" WIDTH="202" HEIGHT="52" CONTENT="anthropol" SUBS_TYPE="HypPart1" SUBS_CONTENT="anthropology," WC="0.99" CC="050024026"/>
						<HYP HPOS="2860" VPOS="1180" WIDTH="22" CONTENT="-"/>
					</TextLine>
					<TextLine ID="P29_TL00089" HPOS="1457" VPOS="1220" WIDTH="1424" HEIGHT="57">
						<String ID="P29_ST00913" HPOS="1457" VPOS="1230" WIDTH="85" HEIGHT="36" CONTENT="ogy," SUBS_TYPE="HypPart2" SUBS_CONTENT="anthropology," WC="0.98" CC="3004"/>
						<SP ID="P29_SP00824" HPOS="1542" VPOS="1266" WIDTH="11"/>
						<String ID="P29_ST00914" HPOS="1553" VPOS="1230" WIDTH="80" HEIGHT="36" CONTENT="you" WC="0.98" CC="004"/>
						<SP ID="P29_SP00825" HPOS="1633" VPOS="1266" WIDTH="11"/>
						<String ID="P29_ST00915" HPOS="1644" VPOS="1225" WIDTH="65" HEIGHT="43" CONTENT="get" WC="0.96" CC="900"/>
						<SP ID="P29_SP00826" HPOS="1709" VPOS="1268" WIDTH="11"/>
						<String ID="P29_ST00916" HPOS="1720" VPOS="1220" WIDTH="65" HEIGHT="36" CONTENT="the" WC="0.97" CC="700"/>
						<SP ID="P29_SP00827" HPOS="1784" VPOS="1268" WIDTH="11"/>
						<String ID="P29_ST00917" HPOS="1795" VPOS="1233" WIDTH="113" HEIGHT="27" CONTENT="sense" WC="0.99" CC="00700"/>
						<SP ID="P29_SP00828" HPOS="1909" VPOS="1268" WIDTH="11"/>
						<String ID="P29_ST00918" HPOS="1920" VPOS="1224" WIDTH="83" HEIGHT="36" CONTENT="that" WC="0.99" CC="0040"/>
						<SP ID="P29_SP00829" HPOS="2003" VPOS="1268" WIDTH="9"/>
						<String ID="P29_ST00919" HPOS="2013" VPOS="1227" WIDTH="137" HEIGHT="46" CONTENT="you're" WC="1.00" CC="004000"/>
						<SP ID="P29_SP00830" HPOS="2150" VPOS="1272" WIDTH="11"/>
						<String ID="P29_ST00920" HPOS="2161" VPOS="1233" WIDTH="69" HEIGHT="31" CONTENT="not" WC="0.97" CC="603"/>
						<SP ID="P29_SP00831" HPOS="2230" VPOS="1272" WIDTH="11"/>
						<String ID="P29_ST00921" HPOS="2241" VPOS="1230" WIDTH="66" HEIGHT="36" CONTENT="the" WC="1.00" CC="000"/>
						<SP ID="P29_SP00832" HPOS="2307" VPOS="1272" WIDTH="11"/>
						<String ID="P29_ST00922" HPOS="2318" VPOS="1230" WIDTH="94" HEIGHT="47" CONTENT="only" WC="0.98" CC="0008"/>
						<SP ID="P29_SP00833" HPOS="2413" VPOS="1277" WIDTH="9"/>
						<String ID="P29_ST00923" HPOS="2422" VPOS="1244" WIDTH="148" HEIGHT="33" CONTENT="person" WC="1.00" CC="000000"/>
						<SP ID="P29_SP00834" HPOS="2570" VPOS="1277" WIDTH="11"/>
						<String ID="P29_ST00924" HPOS="2581" VPOS="1235" WIDTH="83" HEIGHT="38" CONTENT="that" WC="1.00" CC="0000"/>
						<SP ID="P29_SP00835" HPOS="2665" VPOS="1277" WIDTH="9"/>
						<String ID="P29_ST00925" HPOS="2674" VPOS="1247" WIDTH="93" HEIGHT="25" CONTENT="ever" WC="1.00" CC="0000"/>
						<SP ID="P29_SP00836" HPOS="2767" VPOS="1277" WIDTH="11"/>
						<String ID="P29_ST00926" HPOS="2778" VPOS="1238" WIDTH="102" HEIGHT="38" CONTENT="lived" WC="1.00" CC="30000"/>
					</TextLine>
				</TextBlock>
				<TextBlock ID="P29_TB00006" HPOS="2030" VPOS="1277" WIDTH="861" HEIGHT="398" language="en" STYLEREFS="TXT_0 PAR_BLOCK">
					<TextLine ID="P29_TL00090" HPOS="2043" VPOS="1282" WIDTH="838" HEIGHT="58">
						<String ID="P29_ST00927" HPOS="2043" VPOS="1282" WIDTH="79" HEIGHT="38" CONTENT="and" WC="1.00" CC="000"/>
						<SP ID="P29_SP00837" HPOS="2121" VPOS="1320" WIDTH="14"/>
						<String ID="P29_ST00928" HPOS="2135" VPOS="1283" WIDTH="80" HEIGHT="38" CONTENT="that" WC="1.00" CC="1000"/>
						<SP ID="P29_SP00838" HPOS="2216" VPOS="1321" WIDTH="13"/>
						<String ID="P29_ST00929" HPOS="2228" VPOS="1285" WIDTH="107" HEIGHT="39" CONTENT="there" WC="1.00" CC="00010"/>
						<SP ID="P29_SP00839" HPOS="2335" VPOS="1324" WIDTH="11"/>
						<String ID="P29_ST00930" HPOS="2346" VPOS="1299" WIDTH="66" HEIGHT="25" CONTENT="are" WC="1.00" CC="000"/>
						<SP ID="P29_SP00840" HPOS="2413" VPOS="1324" WIDTH="9"/>
						<String ID="P29_ST00931" HPOS="2422" VPOS="1290" WIDTH="146" HEIGHT="50" CONTENT="people" WC="0.99" CC="006000"/>
						<SP ID="P29_SP00841" HPOS="2569" VPOS="1340" WIDTH="11"/>
						<String ID="P29_ST00932" HPOS="2580" VPOS="1291" WIDTH="94" HEIGHT="38" CONTENT="who" WC="1.00" CC="000"/>
						<SP ID="P29_SP00842" HPOS="2674" VPOS="1340" WIDTH="11"/>
						<String ID="P29_ST00933" HPOS="2685" VPOS="1293" WIDTH="112" HEIGHT="38" CONTENT="think" WC="0.99" CC="00350"/>
						<SP ID="P29_SP00843" HPOS="2797" VPOS="1340" WIDTH="11"/>
						<String ID="P29_ST00934" HPOS="2808" VPOS="1296" WIDTH="55" HEIGHT="36" CONTENT="dif" SUBS_TYPE="HypPart1" SUBS_CONTENT="differently" WC="0.99" CC="030"/>
						<HYP HPOS="2863" VPOS="1296" WIDTH="17" CONTENT="-"/>
					</TextLine>
					<TextLine ID="P29_TL00091" HPOS="2041" VPOS="1339" WIDTH="838" HEIGHT="61">
						<String ID="P29_ST00935" HPOS="2041" VPOS="1339" WIDTH="165" HEIGHT="50" CONTENT="ferently" SUBS_TYPE="HypPart2" SUBS_CONTENT="differently" WC="1.00" CC="00000000"/>
						<SP ID="P29_SP00844" HPOS="2206" VPOS="1389" WIDTH="17"/>
						<String ID="P29_ST00936" HPOS="2224" VPOS="1342" WIDTH="94" HEIGHT="36" CONTENT="than" WC="1.00" CC="0000"/>
						<SP ID="P29_SP00845" HPOS="2318" VPOS="1389" WIDTH="17"/>
						<String ID="P29_ST00937" HPOS="2335" VPOS="1356" WIDTH="94" HEIGHT="38" CONTENT="you," WC="0.98" CC="7004"/>
						<SP ID="P29_SP00846" HPOS="2430" VPOS="1394" WIDTH="17"/>
						<String ID="P29_ST00938" HPOS="2447" VPOS="1346" WIDTH="80" HEIGHT="36" CONTENT="and" WC="0.97" CC="170"/>
						<SP ID="P29_SP00847" HPOS="2528" VPOS="1394" WIDTH="20"/>
						<String ID="P29_ST00939" HPOS="2548" VPOS="1346" WIDTH="82" HEIGHT="39" CONTENT="that" WC="0.99" CC="0011"/>
						<SP ID="P29_SP00848" HPOS="2630" VPOS="1394" WIDTH="17"/>
						<String ID="P29_ST00940" HPOS="2647" VPOS="1351" WIDTH="33" HEIGHT="35" CONTENT="is" WC="1.00" CC="00"/>
						<SP ID="P29_SP00849" HPOS="2680" VPOS="1394" WIDTH="16"/>
						<String ID="P29_ST00941" HPOS="2696" VPOS="1361" WIDTH="98" HEIGHT="39" CONTENT="very" WC="1.00" CC="0000"/>
						<SP ID="P29_SP00850" HPOS="2794" VPOS="1400" WIDTH="16"/>
						<String ID="P29_ST00942" HPOS="2809" VPOS="1353" WIDTH="47" HEIGHT="35" CONTENT="im" SUBS_TYPE="HypPart1" SUBS_CONTENT="important" WC="0.99" CC="30"/>
						<HYP HPOS="2857" VPOS="1353" WIDTH="22" CONTENT="-"/>
					</TextLine>
					<TextLine ID="P29_TL00092" HPOS="2039" VPOS="1400" WIDTH="841" HEIGHT="47">
						<String ID="P29_ST00943" HPOS="2039" VPOS="1402" WIDTH="165" HEIGHT="44" CONTENT="portant" SUBS_TYPE="HypPart2" SUBS_CONTENT="important" WC="0.99" CC="0300070"/>
						<SP ID="P29_SP00851" HPOS="2205" VPOS="1446" WIDTH="22"/>
						<String ID="P29_ST00944" HPOS="2227" VPOS="1400" WIDTH="265" HEIGHT="38" CONTENT="information" WC="1.00" CC="00603000003"/>
						<SP ID="P29_SP00852" HPOS="2491" VPOS="1446" WIDTH="24"/>
						<String ID="P29_ST00945" HPOS="2515" VPOS="1408" WIDTH="41" HEIGHT="33" CONTENT="to" WC="1.00" CC="00"/>
						<SP ID="P29_SP00853" HPOS="2556" VPOS="1446" WIDTH="20"/>
						<String ID="P29_ST00946" HPOS="2576" VPOS="1403" WIDTH="115" HEIGHT="39" CONTENT="have." WC="1.00" CC="00000"/>
						<SP ID="P29_SP00854" HPOS="2691" VPOS="1446" WIDTH="25"/>
						<String ID="P29_ST00947" HPOS="2717" VPOS="1406" WIDTH="52" HEIGHT="38" CONTENT="So" WC="1.00" CC="00"/>
						<SP ID="P29_SP00855" HPOS="2769" VPOS="1446" WIDTH="20"/>
						<String ID="P29_ST00948" HPOS="2789" VPOS="1409" WIDTH="14" HEIGHT="35" CONTENT="I" WC="1.00" CC="0"/>
						<SP ID="P29_SP00856" HPOS="2803" VPOS="1446" WIDTH="22"/>
						<String ID="P29_ST00949" HPOS="2825" VPOS="1408" WIDTH="55" HEIGHT="39" CONTENT="do" WC="1.00" CC="00"/>
					</TextLine>
					<TextLine ID="P29_TL00093" HPOS="2039" VPOS="1452" WIDTH="840" HEIGHT="60">
						<String ID="P29_ST00950" HPOS="2039" VPOS="1452" WIDTH="113" HEIGHT="38" CONTENT="think" WC="1.00" CC="30000"/>
						<SP ID="P29_SP00857" HPOS="2153" VPOS="1490" WIDTH="11"/>
						<String ID="P29_ST00951" HPOS="2164" VPOS="1455" WIDTH="83" HEIGHT="36" CONTENT="that" WC="0.99" CC="2010"/>
						<SP ID="P29_SP00858" HPOS="2247" VPOS="1491" WIDTH="9"/>
						<String ID="P29_ST00952" HPOS="2257" VPOS="1455" WIDTH="260" HEIGHT="41" CONTENT="information" WC="1.00" CC="06001000000"/>
						<SP ID="P29_SP00859" HPOS="2517" VPOS="1496" WIDTH="9"/>
						<String ID="P29_ST00953" HPOS="2526" VPOS="1463" WIDTH="35" HEIGHT="35" CONTENT="is" WC="1.00" CC="00"/>
						<SP ID="P29_SP00860" HPOS="2561" VPOS="1498" WIDTH="11"/>
						<String ID="P29_ST00954" HPOS="2572" VPOS="1463" WIDTH="225" HEIGHT="49" CONTENT="important," WC="0.99" CC="4001133024"/>
						<SP ID="P29_SP00861" HPOS="2797" VPOS="1512" WIDTH="11"/>
						<String ID="P29_ST00955" HPOS="2808" VPOS="1465" WIDTH="71" HEIGHT="38" CONTENT="but" WC="1.00" CC="000"/>
					</TextLine>
					<TextLine ID="P29_TL00094" HPOS="2039" VPOS="1510" WIDTH="839" HEIGHT="60">
						<String ID="P29_ST00956" HPOS="2039" VPOS="1510" WIDTH="14" HEIGHT="36" CONTENT="I" WC="1.00" CC="0"/>
						<SP ID="P29_SP00862" HPOS="2054" VPOS="1546" WIDTH="20"/>
						<String ID="P29_ST00957" HPOS="2074" VPOS="1510" WIDTH="83" HEIGHT="38" CONTENT="also" WC="0.99" CC="1001"/>
						<SP ID="P29_SP00863" HPOS="2157" VPOS="1548" WIDTH="22"/>
						<String ID="P29_ST00958" HPOS="2180" VPOS="1512" WIDTH="112" HEIGHT="39" CONTENT="think" WC="0.98" CC="33050"/>
						<SP ID="P29_SP00864" HPOS="2291" VPOS="1551" WIDTH="22"/>
						<String ID="P29_ST00959" HPOS="2313" VPOS="1515" WIDTH="83" HEIGHT="36" CONTENT="that" WC="1.00" CC="0001"/>
						<SP ID="P29_SP00865" HPOS="2397" VPOS="1551" WIDTH="22"/>
						<String ID="P29_ST00960" HPOS="2419" VPOS="1517" WIDTH="181" HEIGHT="50" CONTENT="specifics" WC="1.00" CC="200043100"/>
						<SP ID="P29_SP00866" HPOS="2600" VPOS="1567" WIDTH="22"/>
						<String ID="P29_ST00961" HPOS="2622" VPOS="1518" WIDTH="219" HEIGHT="52" CONTENT="disappear." WC="1.00" CC="0200000000"/>
						<SP ID="P29_SP00867" HPOS="2841" VPOS="1570" WIDTH="24"/>
						<String ID="P29_ST00962" HPOS="2865" VPOS="1524" WIDTH="13" HEIGHT="35" CONTENT="I" WC="1.00" CC="0"/>
					</TextLine>
					<TextLine ID="P29_TL00095" HPOS="2039" VPOS="1567" WIDTH="836" HEIGHT="63">
						<String ID="P29_ST00963" HPOS="2039" VPOS="1567" WIDTH="110" HEIGHT="36" CONTENT="think" WC="0.99" CC="00070"/>
						<SP ID="P29_SP00868" HPOS="2150" VPOS="1603" WIDTH="11"/>
						<String ID="P29_ST00964" HPOS="2161" VPOS="1569" WIDTH="148" HEIGHT="50" CONTENT="they're" WC="1.00" CC="0000010"/>
						<SP ID="P29_SP00869" HPOS="2309" VPOS="1619" WIDTH="11"/>
						<String ID="P29_ST00965" HPOS="2320" VPOS="1573" WIDTH="233" HEIGHT="39" CONTENT="retrievable" WC="1.00" CC="00110000000"/>
						<SP ID="P29_SP00870" HPOS="2553" VPOS="1619" WIDTH="8"/>
						<String ID="P29_ST00966" HPOS="2561" VPOS="1575" WIDTH="71" HEIGHT="38" CONTENT="but" WC="1.00" CC="000"/>
						<SP ID="P29_SP00871" HPOS="2631" VPOS="1619" WIDTH="11"/>
						<String ID="P29_ST00967" HPOS="2643" VPOS="1576" WIDTH="93" HEIGHT="52" CONTENT="they" WC="1.00" CC="0000"/>
						<SP ID="P29_SP00872" HPOS="2735" VPOS="1628" WIDTH="11"/>
						<String ID="P29_ST00968" HPOS="2746" VPOS="1576" WIDTH="109" HEIGHT="54" CONTENT="disap" SUBS_TYPE="HypPart1" SUBS_CONTENT="disappear." WC="1.00" CC="00000"/>
						<HYP HPOS="2855" VPOS="1576" WIDTH="20" CONTENT="-"/>
					</TextLine>
					<TextLine ID="P29_TL00096" HPOS="2038" VPOS="1636" WIDTH="99" HEIGHT="38">
						<String ID="P29_ST00969" HPOS="2038" VPOS="1636" WIDTH="99" HEIGHT="38" CONTENT="pear." SUBS_TYPE="HypPart2" SUBS_CONTENT="disappear." WC="1.00" CC="00000"/>
					</TextLine>
				</TextBlock>
				<TextBlock ID="P29_TB00007" HPOS="2002" VPOS="1682" WIDTH="872" HEIGHT="1178" language="en" STYLEREFS="TXT_0 PAR_BLOCK">
					<TextLine ID="P29_TL00097" HPOS="2094" VPOS="1682" WIDTH="780" HEIGHT="60">
						<String ID="P29_ST00970" HPOS="2094" VPOS="1682" WIDTH="14" HEIGHT="36" CONTENT="I" WC="0.56" CC="4"/>
						<SP ID="P29_SP00873" HPOS="2109" VPOS="1718" WIDTH="17"/>
						<String ID="P29_ST00971" HPOS="2126" VPOS="1682" WIDTH="83" HEIGHT="38" CONTENT="also" WC="1.00" CC="0000"/>
						<SP ID="P29_SP00874" HPOS="2209" VPOS="1720" WIDTH="17"/>
						<String ID="P29_ST00972" HPOS="2227" VPOS="1683" WIDTH="112" HEIGHT="39" CONTENT="think" WC="0.98" CC="40550"/>
						<SP ID="P29_SP00875" HPOS="2339" VPOS="1723" WIDTH="16"/>
						<String ID="P29_ST00973" HPOS="2354" VPOS="1687" WIDTH="85" HEIGHT="38" CONTENT="that" WC="0.99" CC="0022"/>
						<SP ID="P29_SP00876" HPOS="2439" VPOS="1724" WIDTH="14"/>
						<String ID="P29_ST00974" HPOS="2454" VPOS="1694" WIDTH="90" HEIGHT="44" CONTENT="part" WC="0.99" CC="0006"/>
						<SP ID="P29_SP00877" HPOS="2543" VPOS="1739" WIDTH="16"/>
						<String ID="P29_ST00975" HPOS="2559" VPOS="1690" WIDTH="44" HEIGHT="36" CONTENT="of" WC="0.76" CC="21"/>
						<SP ID="P29_SP00878" HPOS="2603" VPOS="1739" WIDTH="13"/>
						<String ID="P29_ST00976" HPOS="2616" VPOS="1691" WIDTH="148" HEIGHT="50" CONTENT="college" WC="1.00" CC="0020050"/>
						<SP ID="P29_SP00879" HPOS="2764" VPOS="1742" WIDTH="16"/>
						<String ID="P29_ST00977" HPOS="2780" VPOS="1693" WIDTH="71" HEIGHT="39" CONTENT="edu" SUBS_TYPE="HypPart1" SUBS_CONTENT="education" WC="1.00" CC="000"/>
						<HYP HPOS="2850" VPOS="1693" WIDTH="24" CONTENT="-"/>
					</TextLine>
					<TextLine ID="P29_TL00098" HPOS="2036" VPOS="1742" WIDTH="838" HEIGHT="57">
						<String ID="P29_ST00978" HPOS="2036" VPOS="1742" WIDTH="129" HEIGHT="35" CONTENT="cation" SUBS_TYPE="HypPart2" SUBS_CONTENT="education" WC="1.00" CC="100000"/>
						<SP ID="P29_SP00880" HPOS="2165" VPOS="1776" WIDTH="11"/>
						<String ID="P29_ST00979" HPOS="2176" VPOS="1742" WIDTH="33" HEIGHT="35" CONTENT="is" WC="0.83" CC="30"/>
						<SP ID="P29_SP00881" HPOS="2209" VPOS="1776" WIDTH="13"/>
						<String ID="P29_ST00980" HPOS="2222" VPOS="1743" WIDTH="172" HEIGHT="52" CONTENT="training" WC="0.99" CC="60000060"/>
						<SP ID="P29_SP00882" HPOS="2394" VPOS="1795" WIDTH="11"/>
						<String ID="P29_ST00981" HPOS="2405" VPOS="1746" WIDTH="146" HEIGHT="49" CONTENT="people" WC="1.00" CC="000000"/>
						<SP ID="P29_SP00883" HPOS="2551" VPOS="1795" WIDTH="11"/>
						<String ID="P29_ST00982" HPOS="2562" VPOS="1751" WIDTH="43" HEIGHT="35" CONTENT="to" WC="1.00" CC="00"/>
						<SP ID="P29_SP00884" HPOS="2605" VPOS="1795" WIDTH="9"/>
						<String ID="P29_ST00983" HPOS="2614" VPOS="1748" WIDTH="50" HEIGHT="38" CONTENT="be" WC="1.00" CC="00"/>
						<SP ID="P29_SP00885" HPOS="2665" VPOS="1795" WIDTH="11"/>
						<String ID="P29_ST00984" HPOS="2676" VPOS="1751" WIDTH="107" HEIGHT="47" CONTENT="good" WC="1.00" CC="0000"/>
						<SP ID="P29_SP00886" HPOS="2783" VPOS="1798" WIDTH="13"/>
						<String ID="P29_ST00985" HPOS="2795" VPOS="1753" WIDTH="63" HEIGHT="35" CONTENT="citi" SUBS_TYPE="HypPart1" SUBS_CONTENT="citizens" WC="0.99" CC="2000"/>
						<HYP HPOS="2858" VPOS="1753" WIDTH="16" CONTENT="-"/>
					</TextLine>
					<TextLine ID="P29_TL00099" HPOS="2035" VPOS="1797" WIDTH="838" HEIGHT="55">
						<String ID="P29_ST00986" HPOS="2035" VPOS="1808" WIDTH="94" HEIGHT="25" CONTENT="zens" SUBS_TYPE="HypPart2" SUBS_CONTENT="citizens" WC="1.00" CC="0000"/>
						<SP ID="P29_SP00887" HPOS="2129" VPOS="1833" WIDTH="17"/>
						<String ID="P29_ST00987" HPOS="2146" VPOS="1809" WIDTH="46" HEIGHT="25" CONTENT="so" WC="1.00" CC="00"/>
						<SP ID="P29_SP00888" HPOS="2192" VPOS="1835" WIDTH="16"/>
						<String ID="P29_ST00988" HPOS="2208" VPOS="1797" WIDTH="94" HEIGHT="52" CONTENT="they" WC="0.99" CC="0300"/>
						<SP ID="P29_SP00889" HPOS="2302" VPOS="1849" WIDTH="16"/>
						<String ID="P29_ST00989" HPOS="2318" VPOS="1813" WIDTH="74" HEIGHT="25" CONTENT="can" WC="1.00" CC="000"/>
						<SP ID="P29_SP00890" HPOS="2392" VPOS="1849" WIDTH="16"/>
						<String ID="P29_ST00990" HPOS="2408" VPOS="1813" WIDTH="54" HEIGHT="39" CONTENT="go" WC="0.66" CC="60"/>
						<SP ID="P29_SP00891" HPOS="2461" VPOS="1852" WIDTH="16"/>
						<String ID="P29_ST00991" HPOS="2477" VPOS="1808" WIDTH="72" HEIGHT="31" CONTENT="out" WC="0.99" CC="001"/>
						<SP ID="P29_SP00892" HPOS="2550" VPOS="1852" WIDTH="16"/>
						<String ID="P29_ST00992" HPOS="2565" VPOS="1805" WIDTH="82" HEIGHT="38" CONTENT="into" WC="1.00" CC="0000"/>
						<SP ID="P29_SP00893" HPOS="2647" VPOS="1852" WIDTH="17"/>
						<String ID="P29_ST00993" HPOS="2665" VPOS="1805" WIDTH="66" HEIGHT="38" CONTENT="the" WC="1.00" CC="000"/>
						<SP ID="P29_SP00894" HPOS="2731" VPOS="1852" WIDTH="16"/>
						<String ID="P29_ST00994" HPOS="2746" VPOS="1808" WIDTH="126" HEIGHT="38" CONTENT="world" WC="0.99" CC="00420"/>
					</TextLine>
					<TextLine ID="P29_TL00100" HPOS="2033" VPOS="1854" WIDTH="841" HEIGHT="54">
						<String ID="P29_ST00995" HPOS="2033" VPOS="1854" WIDTH="132" HEIGHT="36" CONTENT="which" WC="1.00" CC="00100"/>
						<SP ID="P29_SP00895" HPOS="2165" VPOS="1890" WIDTH="13"/>
						<String ID="P29_ST00996" HPOS="2178" VPOS="1855" WIDTH="31" HEIGHT="36" CONTENT="is" WC="1.00" CC="00"/>
						<SP ID="P29_SP00896" HPOS="2209" VPOS="1891" WIDTH="13"/>
						<String ID="P29_ST00997" HPOS="2222" VPOS="1868" WIDTH="96" HEIGHT="39" CONTENT="very" WC="1.00" CC="0000"/>
						<SP ID="P29_SP00897" HPOS="2318" VPOS="1907" WIDTH="11"/>
						<String ID="P29_ST00998" HPOS="2329" VPOS="1858" WIDTH="184" HEIGHT="39" CONTENT="troubled" WC="1.00" CC="02005000"/>
						<SP ID="P29_SP00898" HPOS="2513" VPOS="1907" WIDTH="13"/>
						<String ID="P29_ST00999" HPOS="2526" VPOS="1861" WIDTH="79" HEIGHT="38" CONTENT="and" WC="1.00" CC="000"/>
						<SP ID="P29_SP00899" HPOS="2605" VPOS="1907" WIDTH="14"/>
						<String ID="P29_ST01000" HPOS="2619" VPOS="1861" WIDTH="101" HEIGHT="38" CONTENT="have" WC="1.00" CC="0000"/>
						<SP ID="P29_SP00900" HPOS="2720" VPOS="1907" WIDTH="11"/>
						<String ID="P29_ST01001" HPOS="2731" VPOS="1865" WIDTH="143" HEIGHT="38" CONTENT="critical" WC="1.00" CC="04000005"/>
					</TextLine>
					<TextLine ID="P29_TL00101" HPOS="2035" VPOS="1910" WIDTH="838" HEIGHT="59">
						<String ID="P29_ST01002" HPOS="2035" VPOS="1910" WIDTH="197" HEIGHT="46" CONTENT="attitudes," WC="1.00" CC="1002700004"/>
						<SP ID="P29_SP00901" HPOS="2231" VPOS="1956" WIDTH="17"/>
						<String ID="P29_ST01003" HPOS="2249" VPOS="1918" WIDTH="71" HEIGHT="33" CONTENT="not" WC="0.97" CC="600"/>
						<SP ID="P29_SP00902" HPOS="2320" VPOS="1956" WIDTH="14"/>
						<String ID="P29_ST01004" HPOS="2334" VPOS="1915" WIDTH="79" HEIGHT="49" CONTENT="just" WC="0.99" CC="1200"/>
						<SP ID="P29_SP00903" HPOS="2413" VPOS="1964" WIDTH="17"/>
						<String ID="P29_ST01005" HPOS="2430" VPOS="1917" WIDTH="123" HEIGHT="36" CONTENT="about" WC="1.00" CC="00000"/>
						<SP ID="P29_SP00904" HPOS="2553" VPOS="1964" WIDTH="17"/>
						<String ID="P29_ST01006" HPOS="2570" VPOS="1918" WIDTH="148" HEIGHT="50" CONTENT="subject" WC="1.00" CC="0003010"/>
						<SP ID="P29_SP00905" HPOS="2718" VPOS="1969" WIDTH="16"/>
						<String ID="P29_ST01007" HPOS="2734" VPOS="1924" WIDTH="139" HEIGHT="35" CONTENT="matter" WC="1.00" CC="004000"/>
					</TextLine>
					<TextLine ID="P29_TL00102" HPOS="2031" VPOS="1965" WIDTH="840" HEIGHT="56">
						<String ID="P29_ST01008" HPOS="2031" VPOS="1965" WIDTH="72" HEIGHT="38" CONTENT="but" WC="0.99" CC="021"/>
						<SP ID="P29_SP00906" HPOS="2104" VPOS="2003" WIDTH="20"/>
						<String ID="P29_ST01009" HPOS="2124" VPOS="1969" WIDTH="123" HEIGHT="36" CONTENT="about" WC="1.00" CC="20000"/>
						<SP ID="P29_SP00907" HPOS="2247" VPOS="2005" WIDTH="17"/>
						<String ID="P29_ST01010" HPOS="2265" VPOS="1970" WIDTH="110" HEIGHT="38" CONTENT="what" WC="1.00" CC="0000"/>
						<SP ID="P29_SP00908" HPOS="2375" VPOS="2008" WIDTH="20"/>
						<String ID="P29_ST01011" HPOS="2395" VPOS="1972" WIDTH="224" HEIGHT="49" CONTENT="politicians" WC="1.00" CC="00000020046"/>
						<SP ID="P29_SP00909" HPOS="2619" VPOS="2020" WIDTH="20"/>
						<String ID="P29_ST01012" HPOS="2639" VPOS="1976" WIDTH="79" HEIGHT="36" CONTENT="and" WC="0.98" CC="040"/>
						<SP ID="P29_SP00910" HPOS="2718" VPOS="2020" WIDTH="22"/>
						<String ID="P29_ST01013" HPOS="2740" VPOS="1976" WIDTH="131" HEIGHT="39" CONTENT="others" WC="0.99" CC="400040"/>
					</TextLine>
					<TextLine ID="P29_TL00103" HPOS="2031" VPOS="2027" WIDTH="409" HEIGHT="49">
						<String ID="P29_ST01014" HPOS="2031" VPOS="2035" WIDTH="65" HEIGHT="25" CONTENT="are" WC="0.98" CC="040"/>
						<SP ID="P29_SP00911" HPOS="2096" VPOS="2060" WIDTH="14"/>
						<String ID="P29_ST01015" HPOS="2110" VPOS="2027" WIDTH="140" HEIGHT="49" CONTENT="saying" WC="1.00" CC="000200"/>
						<SP ID="P29_SP00912" HPOS="2250" VPOS="2076" WIDTH="14"/>
						<String ID="P29_ST01016" HPOS="2265" VPOS="2030" WIDTH="41" HEIGHT="35" CONTENT="to" WC="0.96" CC="00"/>
						<SP ID="P29_SP00913" HPOS="2306" VPOS="2076" WIDTH="14"/>
						<String ID="P29_ST01017" HPOS="2320" VPOS="2028" WIDTH="120" HEIGHT="36" CONTENT="them." WC="1.00" CC="00000"/>
					</TextLine>
					<TextLine ID="P29_TL00104" HPOS="2090" VPOS="2080" WIDTH="781" HEIGHT="57">
						<String ID="P29_ST01018" HPOS="2090" VPOS="2080" WIDTH="31" HEIGHT="36" CONTENT="If" WC="0.76" CC="04"/>
						<SP ID="P29_SP00914" HPOS="2121" VPOS="2117" WIDTH="6"/>
						<String ID="P29_ST01019" HPOS="2128" VPOS="2093" WIDTH="79" HEIGHT="38" CONTENT="you" WC="0.94" CC="933"/>
						<SP ID="P29_SP00915" HPOS="2206" VPOS="2131" WIDTH="9"/>
						<String ID="P29_ST01020" HPOS="2216" VPOS="2094" WIDTH="52" HEIGHT="39" CONTENT="go" WC="1.00" CC="00"/>
						<SP ID="P29_SP00916" HPOS="2268" VPOS="2134" WIDTH="8"/>
						<String ID="P29_ST01021" HPOS="2276" VPOS="2083" WIDTH="77" HEIGHT="38" CONTENT="and" WC="1.00" CC="000"/>
						<SP ID="P29_SP00917" HPOS="2353" VPOS="2134" WIDTH="11"/>
						<String ID="P29_ST01022" HPOS="2364" VPOS="2098" WIDTH="69" HEIGHT="38" CONTENT="say" WC="1.00" CC="000"/>
						<SP ID="P29_SP00918" HPOS="2433" VPOS="2135" WIDTH="9"/>
						<String ID="P29_ST01023" HPOS="2443" VPOS="2091" WIDTH="39" HEIGHT="33" CONTENT="to" WC="0.81" CC="03"/>
						<SP ID="P29_SP00919" HPOS="2482" VPOS="2135" WIDTH="9"/>
						<String ID="P29_ST01024" HPOS="2491" VPOS="2088" WIDTH="150" HEIGHT="49" CONTENT="people," WC="1.00" CC="0000001"/>
						<SP ID="P29_SP00920" HPOS="2641" VPOS="2137" WIDTH="11"/>
						<String ID="P29_ST01025" HPOS="2652" VPOS="2090" WIDTH="102" HEIGHT="38" CONTENT='"You' WC="0.98" CC="8000"/>
						<SP ID="P29_SP00921" HPOS="2754" VPOS="2137" WIDTH="9"/>
						<String ID="P29_ST01026" HPOS="2764" VPOS="2091" WIDTH="107" HEIGHT="38" CONTENT="don't" WC="0.99" CC="03104"/>
					</TextLine>
					<TextLine ID="P29_TL00105" HPOS="2030" VPOS="2139" WIDTH="840" HEIGHT="60">
						<String ID="P29_ST01027" HPOS="2030" VPOS="2142" WIDTH="106" HEIGHT="33" CONTENT="want" WC="0.98" CC="0035"/>
						<SP ID="P29_SP00922" HPOS="2135" VPOS="2175" WIDTH="19"/>
						<String ID="P29_ST01028" HPOS="2154" VPOS="2142" WIDTH="41" HEIGHT="33" CONTENT="to" WC="1.00" CC="00"/>
						<SP ID="P29_SP00923" HPOS="2195" VPOS="2175" WIDTH="17"/>
						<String ID="P29_ST01029" HPOS="2213" VPOS="2139" WIDTH="94" HEIGHT="38" CONTENT="hear" WC="0.98" CC="0034"/>
						<SP ID="P29_SP00924" HPOS="2307" VPOS="2176" WIDTH="19"/>
						<String ID="P29_ST01030" HPOS="2326" VPOS="2142" WIDTH="121" HEIGHT="38" CONTENT="about" WC="1.00" CC="00101"/>
						<SP ID="P29_SP00925" HPOS="2447" VPOS="2180" WIDTH="17"/>
						<String ID="P29_ST01031" HPOS="2465" VPOS="2143" WIDTH="66" HEIGHT="36" CONTENT="the" WC="0.98" CC="600"/>
						<SP ID="P29_SP00926" HPOS="2531" VPOS="2180" WIDTH="19"/>
						<String ID="P29_ST01032" HPOS="2550" VPOS="2146" WIDTH="225" HEIGHT="50" CONTENT="symphony" WC="1.00" CC="00400060"/>
						<SP ID="P29_SP00927" HPOS="2775" VPOS="2197" WIDTH="19"/>
						<String ID="P29_ST01033" HPOS="2794" VPOS="2159" WIDTH="76" HEIGHT="39" CONTENT="any" WC="0.97" CC="060"/>
					</TextLine>
					<TextLine ID="P29_TL00106" HPOS="2030" VPOS="2198" WIDTH="838" HEIGHT="44">
						<String ID="P29_ST01034" HPOS="2030" VPOS="2205" WIDTH="118" HEIGHT="33" CONTENT="more," WC="0.99" CC="03004"/>
						<SP ID="P29_SP00928" HPOS="2148" VPOS="2238" WIDTH="17"/>
						<String ID="P29_ST01035" HPOS="2165" VPOS="2200" WIDTH="99" HEIGHT="33" CONTENT="trust" WC="0.99" CC="00060"/>
						<SP ID="P29_SP00929" HPOS="2265" VPOS="2238" WIDTH="14"/>
						<String ID="P29_ST01036" HPOS="2279" VPOS="2209" WIDTH="74" HEIGHT="31" CONTENT="me," WC="0.99" CC="002"/>
						<SP ID="P29_SP00930" HPOS="2353" VPOS="2241" WIDTH="17"/>
						<String ID="P29_ST01037" HPOS="2370" VPOS="2200" WIDTH="14" HEIGHT="35" CONTENT="I" WC="1.00" CC="0"/>
						<SP ID="P29_SP00931" HPOS="2384" VPOS="2241" WIDTH="16"/>
						<String ID="P29_ST01038" HPOS="2400" VPOS="2198" WIDTH="120" HEIGHT="39" CONTENT="know" WC="0.99" CC="0400"/>
						<SP ID="P29_SP00932" HPOS="2520" VPOS="2241" WIDTH="17"/>
						<String ID="P29_ST01039" HPOS="2537" VPOS="2202" WIDTH="120" HEIGHT="38" CONTENT="about" WC="0.98" CC="30404"/>
						<SP ID="P29_SP00933" HPOS="2657" VPOS="2241" WIDTH="16"/>
						<String ID="P29_ST01040" HPOS="2672" VPOS="2203" WIDTH="28" HEIGHT="36" CONTENT="it" WC="1.00" CC="00"/>
						<SP ID="P29_SP00934" HPOS="2701" VPOS="2241" WIDTH="13"/>
						<String ID="P29_ST01041" HPOS="2713" VPOS="2203" WIDTH="79" HEIGHT="38" CONTENT="and" WC="1.00" CC="000"/>
						<SP ID="P29_SP00935" HPOS="2792" VPOS="2241" WIDTH="17"/>
						<String ID="P29_ST01042" HPOS="2809" VPOS="2206" WIDTH="58" HEIGHT="36" CONTENT="it's" WC="1.00" CC="0001"/>
					</TextLine>
					<TextLine ID="P29_TL00107" HPOS="2030" VPOS="2249" WIDTH="838" HEIGHT="50">
						<String ID="P29_ST01043" HPOS="2030" VPOS="2249" WIDTH="142" HEIGHT="50" CONTENT='lousy,"' WC="0.99" CC="0000028"/>
						<SP ID="P29_SP00936" HPOS="2172" VPOS="2299" WIDTH="16"/>
						<String ID="P29_ST01044" HPOS="2187" VPOS="2252" WIDTH="115" HEIGHT="38" CONTENT="that's" WC="0.99" CC="030400"/>
						<SP ID="P29_SP00937" HPOS="2302" VPOS="2299" WIDTH="14"/>
						<String ID="P29_ST01045" HPOS="2317" VPOS="2260" WIDTH="69" HEIGHT="31" CONTENT="not" WC="0.99" CC="003"/>
						<SP ID="P29_SP00938" HPOS="2386" VPOS="2299" WIDTH="14"/>
						<String ID="P29_ST01046" HPOS="2400" VPOS="2255" WIDTH="77" HEIGHT="38" CONTENT="fair." WC="0.98" CC="53100"/>
						<SP ID="P29_SP00939" HPOS="2477" VPOS="2299" WIDTH="14"/>
						<String ID="P29_ST01047" HPOS="2491" VPOS="2257" WIDTH="82" HEIGHT="38" CONTENT="You" WC="1.00" CC="000"/>
						<SP ID="P29_SP00940" HPOS="2573" VPOS="2299" WIDTH="14"/>
						<String ID="P29_ST01048" HPOS="2587" VPOS="2265" WIDTH="107" HEIGHT="31" CONTENT="want" WC="0.99" CC="0060"/>
						<SP ID="P29_SP00941" HPOS="2694" VPOS="2299" WIDTH="14"/>
						<String ID="P29_ST01049" HPOS="2709" VPOS="2260" WIDTH="106" HEIGHT="39" CONTENT="them" WC="1.00" CC="0000"/>
						<SP ID="P29_SP00942" HPOS="2814" VPOS="2299" WIDTH="14"/>
						<String ID="P29_ST01050" HPOS="2828" VPOS="2266" WIDTH="39" HEIGHT="33" CONTENT="to" WC="0.92" CC="10"/>
					</TextLine>
					<TextLine ID="P29_TL00108" HPOS="2028" VPOS="2307" WIDTH="838" HEIGHT="60">
						<String ID="P29_ST01051" HPOS="2028" VPOS="2307" WIDTH="72" HEIGHT="36" CONTENT="feel" WC="1.00" CC="0000"/>
						<SP ID="P29_SP00943" HPOS="2101" VPOS="2343" WIDTH="13"/>
						<String ID="P29_ST01052" HPOS="2113" VPOS="2307" WIDTH="82" HEIGHT="38" CONTENT="first" WC="0.99" CC="40100"/>
						<SP ID="P29_SP00944" HPOS="2195" VPOS="2345" WIDTH="9"/>
						<String ID="P29_ST01053" HPOS="2205" VPOS="2309" WIDTH="83" HEIGHT="39" CONTENT="that" WC="0.99" CC="0005"/>
						<SP ID="P29_SP00945" HPOS="2288" VPOS="2348" WIDTH="11"/>
						<String ID="P29_ST01054" HPOS="2299" VPOS="2310" WIDTH="139" HEIGHT="39" CONTENT="there's" WC="1.00" CC="0013000"/>
						<SP ID="P29_SP00946" HPOS="2438" VPOS="2350" WIDTH="11"/>
						<String ID="P29_ST01055" HPOS="2449" VPOS="2315" WIDTH="225" HEIGHT="52" CONTENT="something" WC="1.00" CC="010010200"/>
						<SP ID="P29_SP00947" HPOS="2674" VPOS="2367" WIDTH="8"/>
						<String ID="P29_ST01056" HPOS="2682" VPOS="2323" WIDTH="71" HEIGHT="31" CONTENT="out" WC="0.98" CC="006"/>
						<SP ID="P29_SP00948" HPOS="2753" VPOS="2367" WIDTH="9"/>
						<String ID="P29_ST01057" HPOS="2762" VPOS="2318" WIDTH="104" HEIGHT="39" CONTENT="there" WC="1.00" CC="00000"/>
					</TextLine>
					<TextLine ID="P29_TL00109" HPOS="2028" VPOS="2364" WIDTH="838" HEIGHT="63">
						<String ID="P29_ST01058" HPOS="2028" VPOS="2364" WIDTH="113" HEIGHT="38" CONTENT="that's" WC="1.00" CC="200000"/>
						<SP ID="P29_SP00949" HPOS="2142" VPOS="2402" WIDTH="16"/>
						<String ID="P29_ST01059" HPOS="2157" VPOS="2367" WIDTH="79" HEIGHT="47" CONTENT="just" WC="0.99" CC="3000"/>
						<SP ID="P29_SP00950" HPOS="2236" VPOS="2414" WIDTH="17"/>
						<String ID="P29_ST01060" HPOS="2254" VPOS="2369" WIDTH="128" HEIGHT="36" CONTENT="worth" WC="0.99" CC="02200"/>
						<SP ID="P29_SP00951" HPOS="2381" VPOS="2414" WIDTH="19"/>
						<String ID="P29_ST01061" HPOS="2400" VPOS="2369" WIDTH="146" HEIGHT="52" CONTENT="loving," WC="0.99" CC="0402740"/>
						<SP ID="P29_SP00952" HPOS="2546" VPOS="2420" WIDTH="19"/>
						<String ID="P29_ST01062" HPOS="2565" VPOS="2372" WIDTH="80" HEIGHT="38" CONTENT="and" WC="1.00" CC="000"/>
						<SP ID="P29_SP00953" HPOS="2646" VPOS="2420" WIDTH="19"/>
						<String ID="P29_ST01063" HPOS="2665" VPOS="2373" WIDTH="93" HEIGHT="38" CONTENT="then" WC="1.00" CC="0000"/>
						<SP ID="P29_SP00954" HPOS="2757" VPOS="2420" WIDTH="19"/>
						<String ID="P29_ST01064" HPOS="2776" VPOS="2375" WIDTH="90" HEIGHT="52" CONTENT="they" WC="0.98" CC="0008"/>
					</TextLine>
					<TextLine ID="P29_TL00110" HPOS="2027" VPOS="2420" WIDTH="838" HEIGHT="59">
						<String ID="P29_ST01065" HPOS="2027" VPOS="2431" WIDTH="72" HEIGHT="25" CONTENT="can" WC="1.00" CC="000"/>
						<SP ID="P29_SP00955" HPOS="2099" VPOS="2457" WIDTH="9"/>
						<String ID="P29_ST01066" HPOS="2109" VPOS="2420" WIDTH="50" HEIGHT="38" CONTENT="be" WC="1.00" CC="00"/>
						<SP ID="P29_SP00956" HPOS="2159" VPOS="2458" WIDTH="13"/>
						<String ID="P29_ST01067" HPOS="2172" VPOS="2425" WIDTH="150" HEIGHT="36" CONTENT="critical." WC="1.00" CC="200000060"/>
						<SP ID="P29_SP00957" HPOS="2321" VPOS="2461" WIDTH="16"/>
						<String ID="P29_ST01068" HPOS="2337" VPOS="2427" WIDTH="74" HEIGHT="36" CONTENT="But" WC="1.00" CC="000"/>
						<SP ID="P29_SP00958" HPOS="2411" VPOS="2463" WIDTH="11"/>
						<String ID="P29_ST01069" HPOS="2422" VPOS="2427" WIDTH="87" HEIGHT="38" CONTENT="first" WC="0.99" CC="33200"/>
						<SP ID="P29_SP00959" HPOS="2509" VPOS="2465" WIDTH="9"/>
						<String ID="P29_ST01070" HPOS="2518" VPOS="2430" WIDTH="90" HEIGHT="49" CONTENT="give" WC="1.00" CC="0000"/>
						<SP ID="P29_SP00960" HPOS="2608" VPOS="2479" WIDTH="13"/>
						<String ID="P29_ST01071" HPOS="2620" VPOS="2430" WIDTH="109" HEIGHT="38" CONTENT="them" WC="1.00" CC="0000"/>
						<SP ID="P29_SP00961" HPOS="2729" VPOS="2479" WIDTH="11"/>
						<String ID="P29_ST01072" HPOS="2740" VPOS="2444" WIDTH="101" HEIGHT="27" CONTENT="some" SUBS_TYPE="HypPart1" SUBS_CONTENT="something" WC="1.00" CC="0000"/>
						<HYP HPOS="2841" VPOS="2444" WIDTH="24" CONTENT="-"/>
					</TextLine>
					<TextLine ID="P29_TL00111" HPOS="2027" VPOS="2477" WIDTH="838" HEIGHT="57">
						<String ID="P29_ST01073" HPOS="2027" VPOS="2477" WIDTH="109" HEIGHT="50" CONTENT="thing" SUBS_TYPE="HypPart2" SUBS_CONTENT="something" WC="0.98" CC="30470"/>
						<SP ID="P29_SP00962" HPOS="2135" VPOS="2528" WIDTH="13"/>
						<String ID="P29_ST01074" HPOS="2148" VPOS="2482" WIDTH="41" HEIGHT="35" CONTENT="to" WC="0.89" CC="20"/>
						<SP ID="P29_SP00963" HPOS="2189" VPOS="2528" WIDTH="13"/>
						<String ID="P29_ST01075" HPOS="2202" VPOS="2479" WIDTH="99" HEIGHT="38" CONTENT="love." WC="1.00" CC="00000"/>
						<SP ID="P29_SP00964" HPOS="2301" VPOS="2528" WIDTH="14"/>
						<String ID="P29_ST01076" HPOS="2315" VPOS="2482" WIDTH="94" HEIGHT="38" CONTENT="First" WC="0.99" CC="40002"/>
						<SP ID="P29_SP00965" HPOS="2409" VPOS="2528" WIDTH="13"/>
						<String ID="P29_ST01077" HPOS="2422" VPOS="2485" WIDTH="90" HEIGHT="49" CONTENT="give" WC="1.00" CC="0000"/>
						<SP ID="P29_SP00966" HPOS="2512" VPOS="2534" WIDTH="13"/>
						<String ID="P29_ST01078" HPOS="2524" VPOS="2483" WIDTH="109" HEIGHT="39" CONTENT="them" WC="1.00" CC="0000"/>
						<SP ID="P29_SP00967" HPOS="2633" VPOS="2534" WIDTH="13"/>
						<String ID="P29_ST01079" HPOS="2646" VPOS="2487" WIDTH="63" HEIGHT="38" CONTENT="the" WC="1.00" CC="000"/>
						<SP ID="P29_SP00968" HPOS="2709" VPOS="2534" WIDTH="11"/>
						<String ID="P29_ST01080" HPOS="2720" VPOS="2488" WIDTH="145" HEIGHT="38" CONTENT="benefit" WC="1.00" CC="0060000"/>
					</TextLine>
					<TextLine ID="P29_TL00112" HPOS="2024" VPOS="2534" WIDTH="839" HEIGHT="52">
						<String ID="P29_ST01081" HPOS="2024" VPOS="2534" WIDTH="44" HEIGHT="36" CONTENT="of" WC="1.00" CC="00"/>
						<SP ID="P29_SP00969" HPOS="2068" VPOS="2570" WIDTH="14"/>
						<String ID="P29_ST01082" HPOS="2082" VPOS="2534" WIDTH="63" HEIGHT="38" CONTENT="the" WC="1.00" CC="000"/>
						<SP ID="P29_SP00970" HPOS="2145" VPOS="2572" WIDTH="17"/>
						<String ID="P29_ST01083" HPOS="2162" VPOS="2535" WIDTH="94" HEIGHT="38" CONTENT="kind" WC="0.99" CC="0600"/>
						<SP ID="P29_SP00971" HPOS="2257" VPOS="2573" WIDTH="17"/>
						<String ID="P29_ST01084" HPOS="2274" VPOS="2537" WIDTH="44" HEIGHT="38" CONTENT="of" WC="0.75" CC="05"/>
						<SP ID="P29_SP00972" HPOS="2318" VPOS="2575" WIDTH="13"/>
						<String ID="P29_ST01085" HPOS="2331" VPOS="2539" WIDTH="211" HEIGHT="39" CONTENT="education" WC="1.00" CC="001100440"/>
						<SP ID="P29_SP00973" HPOS="2542" VPOS="2578" WIDTH="14"/>
						<String ID="P29_ST01086" HPOS="2556" VPOS="2542" WIDTH="14" HEIGHT="36" CONTENT="I" WC="1.00" CC="0"/>
						<SP ID="P29_SP00974" HPOS="2570" VPOS="2578" WIDTH="16"/>
						<String ID="P29_ST01087" HPOS="2586" VPOS="2542" WIDTH="91" HEIGHT="44" CONTENT="had," WC="0.99" CC="0104"/>
						<SP ID="P29_SP00975" HPOS="2677" VPOS="2586" WIDTH="16"/>
						<String ID="P29_ST01088" HPOS="2693" VPOS="2543" WIDTH="93" HEIGHT="38" CONTENT="then" WC="1.00" CC="0000"/>
						<SP ID="P29_SP00976" HPOS="2786" VPOS="2586" WIDTH="13"/>
						<String ID="P29_ST01089" HPOS="2798" VPOS="2545" WIDTH="44" HEIGHT="38" CONTENT="be" SUBS_TYPE="HypPart1" SUBS_CONTENT="become" WC="1.00" CC="01"/>
						<HYP HPOS="2843" VPOS="2545" WIDTH="20" CONTENT="-"/>
					</TextLine>
					<TextLine ID="P29_TL00113" HPOS="2024" VPOS="2595" WIDTH="839" HEIGHT="55">
						<String ID="P29_ST01090" HPOS="2024" VPOS="2603" WIDTH="112" HEIGHT="25" CONTENT="come" SUBS_TYPE="HypPart2" SUBS_CONTENT="become" WC="1.00" CC="0000"/>
						<SP ID="P29_SP00977" HPOS="2135" VPOS="2628" WIDTH="16"/>
						<String ID="P29_ST01091" HPOS="2151" VPOS="2595" WIDTH="150" HEIGHT="35" CONTENT="critical." WC="0.99" CC="011001073"/>
						<SP ID="P29_SP00978" HPOS="2301" VPOS="2630" WIDTH="17"/>
						<String ID="P29_ST01092" HPOS="2318" VPOS="2595" WIDTH="33" HEIGHT="35" CONTENT="If" WC="0.69" CC="06"/>
						<SP ID="P29_SP00979" HPOS="2351" VPOS="2630" WIDTH="11"/>
						<String ID="P29_ST01093" HPOS="2362" VPOS="2608" WIDTH="83" HEIGHT="38" CONTENT="you" WC="0.97" CC="800"/>
						<SP ID="P29_SP00980" HPOS="2446" VPOS="2646" WIDTH="14"/>
						<String ID="P29_ST01094" HPOS="2460" VPOS="2602" WIDTH="93" HEIGHT="33" CONTENT="start" WC="0.99" CC="00024"/>
						<SP ID="P29_SP00981" HPOS="2553" VPOS="2646" WIDTH="13"/>
						<String ID="P29_ST01095" HPOS="2565" VPOS="2598" WIDTH="55" HEIGHT="50" CONTENT="by" WC="1.00" CC="00"/>
						<SP ID="P29_SP00982" HPOS="2620" VPOS="2649" WIDTH="14"/>
						<String ID="P29_ST01096" HPOS="2635" VPOS="2603" WIDTH="137" HEIGHT="47" CONTENT="saying" WC="0.99" CC="000360"/>
						<SP ID="P29_SP00983" HPOS="2772" VPOS="2650" WIDTH="14"/>
						<String ID="P29_ST01097" HPOS="2786" VPOS="2606" WIDTH="41" HEIGHT="33" CONTENT="to" WC="0.97" CC="00"/>
						<SP ID="P29_SP00984" HPOS="2827" VPOS="2650" WIDTH="13"/>
						<String ID="P29_ST01098" HPOS="2839" VPOS="2614" WIDTH="24" HEIGHT="25" CONTENT="a" WC="1.00" CC="0"/>
					</TextLine>
					<TextLine ID="P29_TL00114" HPOS="2024" VPOS="2647" WIDTH="839" HEIGHT="60">
						<String ID="P29_ST01099" HPOS="2024" VPOS="2647" WIDTH="175" HEIGHT="46" CONTENT="student," WC="0.99" CC="40300024"/>
						<SP ID="P29_SP00985" HPOS="2198" VPOS="2693" WIDTH="24"/>
						<String ID="P29_ST01100" HPOS="2222" VPOS="2650" WIDTH="123" HEIGHT="39" CONTENT='"Take' WC="0.99" CC="80100"/>
						<SP ID="P29_SP00986" HPOS="2345" VPOS="2693" WIDTH="20"/>
						<String ID="P29_ST01101" HPOS="2365" VPOS="2665" WIDTH="22" HEIGHT="25" CONTENT="a" WC="1.00" CC="0"/>
						<SP ID="P29_SP00987" HPOS="2387" VPOS="2693" WIDTH="19"/>
						<String ID="P29_ST01102" HPOS="2406" VPOS="2655" WIDTH="216" HEIGHT="47" CONTENT="jaundiced" WC="0.99" CC="300802000"/>
						<SP ID="P29_SP00988" HPOS="2622" VPOS="2702" WIDTH="22"/>
						<String ID="P29_ST01103" HPOS="2644" VPOS="2669" WIDTH="74" HEIGHT="38" CONTENT="eye" WC="0.97" CC="080"/>
						<SP ID="P29_SP00989" HPOS="2718" VPOS="2707" WIDTH="19"/>
						<String ID="P29_ST01104" HPOS="2737" VPOS="2665" WIDTH="41" HEIGHT="31" CONTENT="at" WC="0.98" CC="00"/>
						<SP ID="P29_SP00990" HPOS="2778" VPOS="2707" WIDTH="17"/>
						<String ID="P29_ST01105" HPOS="2795" VPOS="2658" WIDTH="68" HEIGHT="39" CONTENT="the" WC="1.00" CC="000"/>
					</TextLine>
					<TextLine ID="P29_TL00115" HPOS="2022" VPOS="2704" WIDTH="840" HEIGHT="58">
						<String ID="P29_ST01106" HPOS="2022" VPOS="2704" WIDTH="139" HEIGHT="44" CONTENT="world;" WC="0.99" CC="005500"/>
						<SP ID="P29_SP00991" HPOS="2161" VPOS="2748" WIDTH="17"/>
						<String ID="P29_ST01107" HPOS="2178" VPOS="2706" WIDTH="112" HEIGHT="38" CONTENT="don't" WC="0.99" CC="00005"/>
						<SP ID="P29_SP00992" HPOS="2290" VPOS="2748" WIDTH="17"/>
						<String ID="P29_ST01108" HPOS="2307" VPOS="2712" WIDTH="98" HEIGHT="35" CONTENT="trust" WC="0.99" CC="01101"/>
						<SP ID="P29_SP00993" HPOS="2405" VPOS="2748" WIDTH="17"/>
						<String ID="P29_ST01109" HPOS="2422" VPOS="2710" WIDTH="224" HEIGHT="52" CONTENT='anything,"' WC="0.99" CC="0000047828"/>
						<SP ID="P29_SP00994" HPOS="2646" VPOS="2762" WIDTH="17"/>
						<String ID="P29_ST01110" HPOS="2663" VPOS="2713" WIDTH="113" HEIGHT="38" CONTENT="that's" WC="1.00" CC="400000"/>
						<SP ID="P29_SP00995" HPOS="2776" VPOS="2762" WIDTH="17"/>
						<String ID="P29_ST01111" HPOS="2794" VPOS="2721" WIDTH="68" HEIGHT="31" CONTENT="not" WC="0.99" CC="002"/>
					</TextLine>
					<TextLine ID="P29_TL00116" HPOS="2022" VPOS="2761" WIDTH="838" HEIGHT="61">
						<String ID="P29_ST01112" HPOS="2022" VPOS="2761" WIDTH="118" HEIGHT="50" CONTENT="good!" WC="1.00" CC="00003"/>
						<SP ID="P29_SP00996" HPOS="2140" VPOS="2811" WIDTH="11"/>
						<String ID="P29_ST01113" HPOS="2151" VPOS="2762" WIDTH="80" HEIGHT="44" CONTENT="Yes," WC="1.00" CC="0002"/>
						<SP ID="P29_SP00997" HPOS="2231" VPOS="2811" WIDTH="13"/>
						<String ID="P29_ST01114" HPOS="2244" VPOS="2764" WIDTH="54" HEIGHT="38" CONTENT="do" WC="1.00" CC="00"/>
						<SP ID="P29_SP00998" HPOS="2298" VPOS="2811" WIDTH="11"/>
						<String ID="P29_ST01115" HPOS="2309" VPOS="2765" WIDTH="82" HEIGHT="38" CONTENT="that" WC="1.00" CC="0000"/>
						<SP ID="P29_SP00999" HPOS="2391" VPOS="2811" WIDTH="9"/>
						<String ID="P29_ST01116" HPOS="2400" VPOS="2778" WIDTH="22" HEIGHT="25" CONTENT="a" WC="0.86" CC="1"/>
						<SP ID="P29_SP01000" HPOS="2422" VPOS="2811" WIDTH="11"/>
						<String ID="P29_ST01117" HPOS="2433" VPOS="2767" WIDTH="94" HEIGHT="38" CONTENT="little" WC="1.00" CC="100000"/>
						<SP ID="P29_SP01001" HPOS="2528" VPOS="2811" WIDTH="9"/>
						<String ID="P29_ST01118" HPOS="2537" VPOS="2769" WIDTH="68" HEIGHT="44" CONTENT="bit," WC="0.99" CC="0004"/>
						<SP ID="P29_SP01002" HPOS="2605" VPOS="2813" WIDTH="8"/>
						<String ID="P29_ST01119" HPOS="2613" VPOS="2769" WIDTH="71" HEIGHT="39" CONTENT="but" WC="1.00" CC="000"/>
						<SP ID="P29_SP01003" HPOS="2683" VPOS="2813" WIDTH="11"/>
						<String ID="P29_ST01120" HPOS="2694" VPOS="2770" WIDTH="83" HEIGHT="39" CONTENT="also" WC="0.98" CC="0604"/>
						<SP ID="P29_SP01004" HPOS="2778" VPOS="2813" WIDTH="8"/>
						<String ID="P29_ST01121" HPOS="2786" VPOS="2784" WIDTH="74" HEIGHT="38" CONTENT="say," WC="0.97" CC="0391"/>
					</TextLine>
					<TextLine ID="P29_TL00117" HPOS="2022" VPOS="2817" WIDTH="838" HEIGHT="43">
						<String ID="P29_ST01122" HPOS="2022" VPOS="2817" WIDTH="115" HEIGHT="38" CONTENT='"And' WC="0.98" CC="8000"/>
						<SP ID="P29_SP01005" HPOS="2137" VPOS="2855" WIDTH="19"/>
						<String ID="P29_ST01123" HPOS="2156" VPOS="2820" WIDTH="91" HEIGHT="36" CONTENT="isn't" WC="0.98" CC="56001"/>
						<SP ID="P29_SP01006" HPOS="2247" VPOS="2857" WIDTH="16"/>
						<String ID="P29_ST01124" HPOS="2263" VPOS="2822" WIDTH="28" HEIGHT="35" CONTENT="it" WC="0.86" CC="20"/>
						<SP ID="P29_SP01007" HPOS="2291" VPOS="2857" WIDTH="17"/>
						<String ID="P29_ST01125" HPOS="2309" VPOS="2833" WIDTH="22" HEIGHT="25" CONTENT="a" WC="1.00" CC="0"/>
						<SP ID="P29_SP01008" HPOS="2331" VPOS="2858" WIDTH="17"/>
						<String ID="P29_ST01126" HPOS="2348" VPOS="2824" WIDTH="224" HEIGHT="36" CONTENT="wonderful" WC="1.00" CC="000001307"/>
						<SP ID="P29_SP01009" HPOS="2572" VPOS="2860" WIDTH="17"/>
						<String ID="P29_ST01127" HPOS="2589" VPOS="2827" WIDTH="148" HEIGHT="33" CONTENT="world?" WC="0.99" CC="042000"/>
						<SP ID="P29_SP01010" HPOS="2737" VPOS="2860" WIDTH="17"/>
						<String ID="P29_ST01128" HPOS="2754" VPOS="2830" WIDTH="106" HEIGHT="30" CONTENT="Look" WC="0.99" CC="0020"/>
					</TextLine>
				</TextBlock>
				<TextBlock ID="P29_TB00008" HPOS="1431" VPOS="2868" WIDTH="1443" HEIGHT="279" language="en" STYLEREFS="TXT_0 PAR_LEFT">
					<TextLine ID="P29_TL00118" HPOS="1436" VPOS="2868" WIDTH="1422" HEIGHT="57">
						<String ID="P29_ST01129" HPOS="1436" VPOS="2871" WIDTH="38" HEIGHT="31" CONTENT="at" WC="0.70" CC="05"/>
						<SP ID="P29_SP01011" HPOS="1474" VPOS="2902" WIDTH="17"/>
						<String ID="P29_ST01130" HPOS="1491" VPOS="2868" WIDTH="47" HEIGHT="35" CONTENT="all" WC="0.98" CC="130"/>
						<SP ID="P29_SP01012" HPOS="1539" VPOS="2902" WIDTH="19"/>
						<String ID="P29_ST01131" HPOS="1557" VPOS="2868" WIDTH="107" HEIGHT="38" CONTENT="these" WC="0.99" CC="07000"/>
						<SP ID="P29_SP01013" HPOS="1665" VPOS="2906" WIDTH="17"/>
						<String ID="P29_ST01132" HPOS="1682" VPOS="2871" WIDTH="220" HEIGHT="36" CONTENT="wonderful" WC="0.99" CC="000003456"/>
						<SP ID="P29_SP01014" HPOS="1902" VPOS="2907" WIDTH="19"/>
						<String ID="P29_ST01133" HPOS="1921" VPOS="2872" WIDTH="128" HEIGHT="52" CONTENT="things" WC="0.99" CC="106600"/>
						<SP ID="P29_SP01015" HPOS="2049" VPOS="2924" WIDTH="19"/>
						<String ID="P29_ST01134" HPOS="2068" VPOS="2874" WIDTH="106" HEIGHT="39" CONTENT="there" WC="1.00" CC="10000"/>
						<SP ID="P29_SP01016" HPOS="2173" VPOS="2924" WIDTH="19"/>
						<String ID="P29_ST01135" HPOS="2192" VPOS="2890" WIDTH="63" HEIGHT="25" CONTENT="are" WC="1.00" CC="000"/>
						<SP ID="P29_SP01017" HPOS="2255" VPOS="2924" WIDTH="17"/>
						<String ID="P29_ST01136" HPOS="2272" VPOS="2882" WIDTH="41" HEIGHT="33" CONTENT="to" WC="0.93" CC="00"/>
						<SP ID="P29_SP01018" HPOS="2313" VPOS="2924" WIDTH="17"/>
						<String ID="P29_ST01137" HPOS="2331" VPOS="2879" WIDTH="118" HEIGHT="38" CONTENT="know" WC="1.00" CC="0000"/>
						<SP ID="P29_SP01019" HPOS="2449" VPOS="2924" WIDTH="20"/>
						<String ID="P29_ST01138" HPOS="2469" VPOS="2882" WIDTH="153" HEIGHT="38" CONTENT='about."' WC="0.99" CC="0020008"/>
						<SP ID="P29_SP01020" HPOS="2622" VPOS="2924" WIDTH="17"/>
						<String ID="P29_ST01139" HPOS="2639" VPOS="2883" WIDTH="16" HEIGHT="36" CONTENT="I" WC="0.91" CC="0"/>
						<SP ID="P29_SP01021" HPOS="2655" VPOS="2924" WIDTH="17"/>
						<String ID="P29_ST01140" HPOS="2672" VPOS="2883" WIDTH="110" HEIGHT="39" CONTENT="think" WC="0.98" CC="04250"/>
						<SP ID="P29_SP01022" HPOS="2783" VPOS="2924" WIDTH="16"/>
						<String ID="P29_ST01141" HPOS="2798" VPOS="2887" WIDTH="60" HEIGHT="38" CONTENT="it's" WC="0.99" CC="0600"/>
					</TextLine>
					<TextLine ID="P29_TL00119" HPOS="1436" VPOS="2923" WIDTH="1424" HEIGHT="69">
						<String ID="P29_ST01142" HPOS="1436" VPOS="2923" WIDTH="102" HEIGHT="49" CONTENT="risky" WC="0.99" CC="03300"/>
						<SP ID="P29_SP01023" HPOS="1539" VPOS="2972" WIDTH="14"/>
						<String ID="P29_ST01143" HPOS="1553" VPOS="2924" WIDTH="79" HEIGHT="36" CONTENT="that" WC="1.00" CC="0000"/>
						<SP ID="P29_SP01024" HPOS="1631" VPOS="2972" WIDTH="16"/>
						<String ID="P29_ST01144" HPOS="1647" VPOS="2929" WIDTH="222" HEIGHT="36" CONTENT="sometimes" WC="1.00" CC="000030000"/>
						<SP ID="P29_SP01025" HPOS="1869" VPOS="2972" WIDTH="13"/>
						<String ID="P29_ST01145" HPOS="1882" VPOS="2942" WIDTH="63" HEIGHT="24" CONTENT="we" WC="1.00" CC="00"/>
						<SP ID="P29_SP01026" HPOS="1945" VPOS="2972" WIDTH="14"/>
						<String ID="P29_ST01146" HPOS="1959" VPOS="2942" WIDTH="63" HEIGHT="25" CONTENT="are" WC="0.98" CC="040"/>
						<SP ID="P29_SP01027" HPOS="2022" VPOS="2972" WIDTH="14"/>
						<String ID="P29_ST01147" HPOS="2036" VPOS="2934" WIDTH="167" HEIGHT="49" CONTENT="training" WC="0.98" CC="53045470"/>
						<SP ID="P29_SP01028" HPOS="2203" VPOS="2983" WIDTH="13"/>
						<String ID="P29_ST01148" HPOS="2216" VPOS="2934" WIDTH="87" HEIGHT="38" CONTENT="kids" WC="0.99" CC="0500"/>
						<SP ID="P29_SP01029" HPOS="2302" VPOS="2983" WIDTH="16"/>
						<String ID="P29_ST01149" HPOS="2318" VPOS="2940" WIDTH="41" HEIGHT="31" CONTENT="to" WC="0.93" CC="10"/>
						<SP ID="P29_SP01030" HPOS="2359" VPOS="2983" WIDTH="11"/>
						<String ID="P29_ST01150" HPOS="2370" VPOS="2935" WIDTH="50" HEIGHT="38" CONTENT="be" WC="1.00" CC="00"/>
						<SP ID="P29_SP01031" HPOS="2420" VPOS="2983" WIDTH="13"/>
						<String ID="P29_ST01151" HPOS="2433" VPOS="2940" WIDTH="228" HEIGHT="46" CONTENT="pessimists," WC="1.00" CC="00000030003"/>
						<SP ID="P29_SP01032" HPOS="2661" VPOS="2986" WIDTH="14"/>
						<String ID="P29_ST01152" HPOS="2676" VPOS="2942" WIDTH="79" HEIGHT="36" CONTENT="and" WC="0.96" CC="450"/>
						<SP ID="P29_SP01033" HPOS="2754" VPOS="2986" WIDTH="14"/>
						<String ID="P29_ST01153" HPOS="2769" VPOS="2942" WIDTH="91" HEIGHT="50" CONTENT="they" WC="0.98" CC="0008"/>
					</TextLine>
					<TextLine ID="P29_TL00120" HPOS="1435" VPOS="2980" WIDTH="1285" HEIGHT="63">
						<String ID="P29_ST01154" HPOS="1435" VPOS="2980" WIDTH="117" HEIGHT="50" CONTENT="really" WC="1.00" CC="200020"/>
						<SP ID="P29_SP01034" HPOS="1551" VPOS="3030" WIDTH="13"/>
						<String ID="P29_ST01155" HPOS="1564" VPOS="2981" WIDTH="110" HEIGHT="38" CONTENT="don't" WC="0.99" CC="00700"/>
						<SP ID="P29_SP01035" HPOS="1674" VPOS="3030" WIDTH="11"/>
						<String ID="P29_ST01156" HPOS="1685" VPOS="2987" WIDTH="107" HEIGHT="33" CONTENT="want" WC="0.98" CC="0160"/>
						<SP ID="P29_SP01036" HPOS="1792" VPOS="3030" WIDTH="13"/>
						<String ID="P29_ST01157" HPOS="1805" VPOS="2989" WIDTH="41" HEIGHT="31" CONTENT="to" WC="0.50" CC="54"/>
						<SP ID="P29_SP01037" HPOS="1846" VPOS="3030" WIDTH="11"/>
						<String ID="P29_ST01158" HPOS="1857" VPOS="2986" WIDTH="58" HEIGHT="36" CONTENT="be." WC="1.00" CC="000"/>
						<SP ID="P29_SP01038" HPOS="1915" VPOS="3030" WIDTH="14"/>
						<String ID="P29_ST01159" HPOS="1929" VPOS="2986" WIDTH="107" HEIGHT="50" CONTENT="They" WC="0.99" CC="0600"/>
						<SP ID="P29_SP01039" HPOS="2036" VPOS="3036" WIDTH="11"/>
						<String ID="P29_ST01160" HPOS="2047" VPOS="2994" WIDTH="107" HEIGHT="31" CONTENT="want" WC="0.98" CC="0071"/>
						<SP ID="P29_SP01040" HPOS="2154" VPOS="3036" WIDTH="13"/>
						<String ID="P29_ST01161" HPOS="2167" VPOS="2995" WIDTH="41" HEIGHT="31" CONTENT="to" WC="0.81" CC="21"/>
						<SP ID="P29_SP01041" HPOS="2208" VPOS="3036" WIDTH="11"/>
						<String ID="P29_ST01162" HPOS="2219" VPOS="2991" WIDTH="50" HEIGHT="38" CONTENT="be" WC="0.83" CC="30"/>
						<SP ID="P29_SP01042" HPOS="2269" VPOS="3036" WIDTH="13"/>
						<String ID="P29_ST01163" HPOS="2282" VPOS="3003" WIDTH="137" HEIGHT="39" CONTENT="young" WC="0.99" CC="00430"/>
						<SP ID="P29_SP01043" HPOS="2419" VPOS="3043" WIDTH="11"/>
						<String ID="P29_ST01164" HPOS="2430" VPOS="2995" WIDTH="79" HEIGHT="35" CONTENT="and" WC="0.98" CC="140"/>
						<SP ID="P29_SP01044" HPOS="2509" VPOS="3043" WIDTH="16"/>
						<String ID="P29_ST01165" HPOS="2524" VPOS="2995" WIDTH="195" HEIGHT="39" CONTENT="idealistic." WC="1.00" CC="10006004000"/>
					</TextLine>
					<TextLine ID="P29_TL00121" HPOS="1435" VPOS="3036" WIDTH="1422" HEIGHT="68">
						<String ID="P29_ST01166" HPOS="1435" VPOS="3036" WIDTH="47" HEIGHT="44" CONTENT="Q." WC="1.00" CC="00" STYLEREFS="TXT_1"/>
						<SP ID="P29_SP01045" HPOS="1482" VPOS="3080" WIDTH="22"/>
						<String ID="P29_ST01167" HPOS="1504" VPOS="3038" WIDTH="63" HEIGHT="35" CONTENT="On" WC="0.73" CC="05" STYLEREFS="TXT_1"/>
						<SP ID="P29_SP01046" HPOS="1567" VPOS="3080" WIDTH="19"/>
						<String ID="P29_ST01168" HPOS="1586" VPOS="3036" WIDTH="65" HEIGHT="38" CONTENT="the" WC="0.98" CC="140" STYLEREFS="TXT_1"/>
						<SP ID="P29_SP01047" HPOS="1650" VPOS="3080" WIDTH="17"/>
						<String ID="P29_ST01169" HPOS="1668" VPOS="3038" WIDTH="68" HEIGHT="49" CONTENT="flip" WC="0.98" CC="0630" STYLEREFS="TXT_1"/>
						<SP ID="P29_SP01048" HPOS="1735" VPOS="3087" WIDTH="19"/>
						<String ID="P29_ST01170" HPOS="1754" VPOS="3038" WIDTH="82" HEIGHT="39" CONTENT="side" WC="0.99" CC="0023" STYLEREFS="TXT_1"/>
						<SP ID="P29_SP01049" HPOS="1836" VPOS="3087" WIDTH="19"/>
						<String ID="P29_ST01171" HPOS="1855" VPOS="3039" WIDTH="41" HEIGHT="38" CONTENT="of" WC="0.70" CC="05" STYLEREFS="TXT_1"/>
						<SP ID="P29_SP01050" HPOS="1896" VPOS="3087" WIDTH="16"/>
						<String ID="P29_ST01172" HPOS="1912" VPOS="3039" WIDTH="93" HEIGHT="47" CONTENT="that," WC="0.98" CC="36013" STYLEREFS="TXT_1"/>
						<SP ID="P29_SP01051" HPOS="2005" VPOS="3087" WIDTH="19"/>
						<String ID="P29_ST01173" HPOS="2024" VPOS="3043" WIDTH="104" HEIGHT="39" CONTENT="what" WC="0.98" CC="2007" STYLEREFS="TXT_1"/>
						<SP ID="P29_SP01052" HPOS="2128" VPOS="3087" WIDTH="20"/>
						<String ID="P29_ST01174" HPOS="2148" VPOS="3044" WIDTH="30" HEIGHT="38" CONTENT="is" WC="0.89" CC="20" STYLEREFS="TXT_1"/>
						<SP ID="P29_SP01053" HPOS="2178" VPOS="3087" WIDTH="17"/>
						<String ID="P29_ST01175" HPOS="2195" VPOS="3046" WIDTH="66" HEIGHT="36" CONTENT="the" WC="0.98" CC="302" STYLEREFS="TXT_1"/>
						<SP ID="P29_SP01054" HPOS="2261" VPOS="3087" WIDTH="17"/>
						<String ID="P29_ST01176" HPOS="2279" VPOS="3052" WIDTH="101" HEIGHT="33" CONTENT="most" WC="1.00" CC="0010" STYLEREFS="TXT_1"/>
						<SP ID="P29_SP01055" HPOS="2380" VPOS="3087" WIDTH="19"/>
						<String ID="P29_ST01177" HPOS="2398" VPOS="3047" WIDTH="243" HEIGHT="54" CONTENT="challenging" WC="1.00" CC="00000460000" STYLEREFS="TXT_1"/>
						<SP ID="P29_SP01056" HPOS="2641" VPOS="3101" WIDTH="17"/>
						<String ID="P29_ST01178" HPOS="2658" VPOS="3052" WIDTH="107" HEIGHT="52" CONTENT="thing" WC="1.00" CC="00000" STYLEREFS="TXT_1"/>
						<SP ID="P29_SP01057" HPOS="2765" VPOS="3104" WIDTH="16"/>
						<String ID="P29_ST01179" HPOS="2781" VPOS="3066" WIDTH="76" HEIGHT="38" CONTENT="you" WC="0.98" CC="400" STYLEREFS="TXT_1"/>
					</TextLine>
					<TextLine ID="P29_TL00122" HPOS="1433" VPOS="3090" WIDTH="428" HEIGHT="57">
						<String ID="P29_ST01180" HPOS="1433" VPOS="3090" WIDTH="79" HEIGHT="39" CONTENT="find" WC="0.97" CC="6005" STYLEREFS="TXT_1"/>
						<SP ID="P29_SP01058" HPOS="1512" VPOS="3129" WIDTH="17"/>
						<String ID="P29_ST01181" HPOS="1529" VPOS="3091" WIDTH="118" HEIGHT="41" CONTENT="about" WC="0.99" CC="30030" STYLEREFS="TXT_1"/>
						<SP ID="P29_SP01059" HPOS="1647" VPOS="3132" WIDTH="16"/>
						<String ID="P29_ST01182" HPOS="1663" VPOS="3094" WIDTH="198" HEIGHT="52" CONTENT="teaching?" WC="1.00" CC="000000400" STYLEREFS="TXT_1"/>
					</TextLine>
				</TextBlock>
				<TextBlock ID="P29_TB00009" HPOS="1422" VPOS="3150" WIDTH="1434" HEIGHT="830" language="en" STYLEREFS="TXT_0 PAR_BLOCK">
					<TextLine ID="P29_TL00123" HPOS="1431" VPOS="3150" WIDTH="1425" HEIGHT="63">
						<String ID="P29_ST01183" HPOS="1431" VPOS="3150" WIDTH="46" HEIGHT="36" CONTENT="A." WC="1.00" CC="00"/>
						<SP ID="P29_SP01060" HPOS="1477" VPOS="3186" WIDTH="14"/>
						<String ID="P29_ST01184" HPOS="1491" VPOS="3150" WIDTH="80" HEIGHT="36" CONTENT="The" WC="0.97" CC="060"/>
						<SP ID="P29_SP01061" HPOS="1572" VPOS="3186" WIDTH="14"/>
						<String ID="P29_ST01185" HPOS="1586" VPOS="3157" WIDTH="104" HEIGHT="30" CONTENT="most" WC="1.00" CC="0200"/>
						<SP ID="P29_SP01062" HPOS="1690" VPOS="3187" WIDTH="13"/>
						<String ID="P29_ST01186" HPOS="1702" VPOS="3151" WIDTH="249" HEIGHT="54" CONTENT="challenging" WC="1.00" CC="00050000050"/>
						<SP ID="P29_SP01063" HPOS="1951" VPOS="3205" WIDTH="11"/>
						<String ID="P29_ST01187" HPOS="1962" VPOS="3156" WIDTH="113" HEIGHT="50" CONTENT="thing" WC="1.00" CC="00000"/>
						<SP ID="P29_SP01064" HPOS="2076" VPOS="3206" WIDTH="13"/>
						<String ID="P29_ST01188" HPOS="2088" VPOS="3157" WIDTH="123" HEIGHT="38" CONTENT="about" WC="1.00" CC="00000"/>
						<SP ID="P29_SP01065" HPOS="2211" VPOS="3206" WIDTH="11"/>
						<String ID="P29_ST01189" HPOS="2222" VPOS="3161" WIDTH="184" HEIGHT="52" CONTENT="teaching" WC="0.99" CC="20012070"/>
						<SP ID="P29_SP01066" HPOS="2406" VPOS="3213" WIDTH="13"/>
						<String ID="P29_ST01190" HPOS="2419" VPOS="3165" WIDTH="33" HEIGHT="35" CONTENT="is" WC="1.00" CC="00"/>
						<SP ID="P29_SP01067" HPOS="2452" VPOS="3213" WIDTH="13"/>
						<String ID="P29_ST01191" HPOS="2465" VPOS="3169" WIDTH="43" HEIGHT="33" CONTENT="to" WC="1.00" CC="00"/>
						<SP ID="P29_SP01068" HPOS="2507" VPOS="3213" WIDTH="11"/>
						<String ID="P29_ST01192" HPOS="2518" VPOS="3167" WIDTH="220" HEIGHT="36" CONTENT="remember" WC="1.00" CC="10000100"/>
						<SP ID="P29_SP01069" HPOS="2739" VPOS="3213" WIDTH="11"/>
						<String ID="P29_ST01193" HPOS="2750" VPOS="3169" WIDTH="106" HEIGHT="38" CONTENT="what" WC="1.00" CC="0200"/>
					</TextLine>
					<TextLine ID="P29_TL00124" HPOS="1431" VPOS="3208" WIDTH="1424" HEIGHT="65">
						<String ID="P29_ST01194" HPOS="1431" VPOS="3208" WIDTH="28" HEIGHT="35" CONTENT="it" WC="0.74" CC="22"/>
						<SP ID="P29_SP01070" HPOS="1460" VPOS="3243" WIDTH="19"/>
						<String ID="P29_ST01195" HPOS="1479" VPOS="3219" WIDTH="135" HEIGHT="27" CONTENT="means" WC="0.99" CC="00006"/>
						<SP ID="P29_SP01071" HPOS="1614" VPOS="3246" WIDTH="19"/>
						<String ID="P29_ST01196" HPOS="1633" VPOS="3213" WIDTH="41" HEIGHT="33" CONTENT="to" WC="1.00" CC="00"/>
						<SP ID="P29_SP01072" HPOS="1674" VPOS="3246" WIDTH="19"/>
						<String ID="P29_ST01197" HPOS="1693" VPOS="3211" WIDTH="121" HEIGHT="36" CONTENT="teach." WC="1.00" CC="100000"/>
						<SP ID="P29_SP01073" HPOS="1814" VPOS="3247" WIDTH="20"/>
						<String ID="P29_ST01198" HPOS="1835" VPOS="3213" WIDTH="14" HEIGHT="35" CONTENT="I" WC="0.65" CC="3"/>
						<SP ID="P29_SP01074" HPOS="1849" VPOS="3247" WIDTH="19"/>
						<String ID="P29_ST01199" HPOS="1868" VPOS="3213" WIDTH="112" HEIGHT="38" CONTENT="think" WC="0.99" CC="00160"/>
						<SP ID="P29_SP01075" HPOS="1980" VPOS="3250" WIDTH="17"/>
						<String ID="P29_ST01200" HPOS="1997" VPOS="3214" WIDTH="183" HEIGHT="52" CONTENT="teaching" WC="0.99" CC="20000350"/>
						<SP ID="P29_SP01076" HPOS="2180" VPOS="3266" WIDTH="19"/>
						<String ID="P29_ST01201" HPOS="2198" VPOS="3216" WIDTH="60" HEIGHT="39" CONTENT="for" WC="0.95" CC="633"/>
						<SP ID="P29_SP01077" HPOS="2258" VPOS="3266" WIDTH="19"/>
						<String ID="P29_ST01202" HPOS="2277" VPOS="3220" WIDTH="238" HEIGHT="52" CONTENT="everybody," WC="1.00" CC="0001000002"/>
						<SP ID="P29_SP01078" HPOS="2515" VPOS="3272" WIDTH="19"/>
						<String ID="P29_ST01203" HPOS="2534" VPOS="3235" WIDTH="54" HEIGHT="25" CONTENT="no" WC="1.00" CC="00"/>
						<SP ID="P29_SP01079" HPOS="2587" VPOS="3272" WIDTH="17"/>
						<String ID="P29_ST01204" HPOS="2605" VPOS="3230" WIDTH="140" HEIGHT="31" CONTENT="matter" WC="1.00" CC="000100"/>
						<SP ID="P29_SP01080" HPOS="2745" VPOS="3272" WIDTH="17"/>
						<String ID="P29_ST01205" HPOS="2762" VPOS="3225" WIDTH="93" HEIGHT="39" CONTENT="how" WC="0.99" CC="200"/>
					</TextLine>
					<TextLine ID="P29_TL00125" HPOS="1431" VPOS="3265" WIDTH="1424" HEIGHT="63">
						<String ID="P29_ST01206" HPOS="1431" VPOS="3265" WIDTH="214" HEIGHT="36" CONTENT="successful" WC="1.00" CC="0421000520"/>
						<SP ID="P29_SP01081" HPOS="1646" VPOS="3301" WIDTH="17"/>
						<String ID="P29_ST01207" HPOS="1663" VPOS="3266" WIDTH="91" HEIGHT="50" CONTENT="they" WC="0.99" CC="5000"/>
						<SP ID="P29_SP01082" HPOS="1754" VPOS="3317" WIDTH="16"/>
						<String ID="P29_ST01208" HPOS="1770" VPOS="3279" WIDTH="77" HEIGHT="31" CONTENT="are," WC="0.99" CC="0104"/>
						<SP ID="P29_SP01083" HPOS="1847" VPOS="3317" WIDTH="17"/>
						<String ID="P29_ST01209" HPOS="1865" VPOS="3269" WIDTH="113" HEIGHT="38" CONTENT="tends" WC="0.99" CC="40100"/>
						<SP ID="P29_SP01084" HPOS="1978" VPOS="3317" WIDTH="17"/>
						<String ID="P29_ST01210" HPOS="1995" VPOS="3274" WIDTH="41" HEIGHT="33" CONTENT="to" WC="0.80" CC="03"/>
						<SP ID="P29_SP01085" HPOS="2036" VPOS="3317" WIDTH="16"/>
						<String ID="P29_ST01211" HPOS="2052" VPOS="3272" WIDTH="249" HEIGHT="50" CONTENT="degenerate," WC="1.00" CC="00000061000"/>
						<SP ID="P29_SP01086" HPOS="2301" VPOS="3323" WIDTH="17"/>
						<String ID="P29_ST01212" HPOS="2318" VPOS="3279" WIDTH="213" HEIGHT="49" CONTENT="especially" WC="1.00" CC="0000000054"/>
						<SP ID="P29_SP01087" HPOS="2531" VPOS="3328" WIDTH="16"/>
						<String ID="P29_ST01213" HPOS="2546" VPOS="3282" WIDTH="41" HEIGHT="35" CONTENT="in" WC="0.86" CC="20"/>
						<SP ID="P29_SP01088" HPOS="2587" VPOS="3328" WIDTH="17"/>
						<String ID="P29_ST01214" HPOS="2605" VPOS="3291" WIDTH="50" HEIGHT="25" CONTENT="an" WC="1.00" CC="00"/>
						<SP ID="P29_SP01089" HPOS="2655" VPOS="3328" WIDTH="16"/>
						<String ID="P29_ST01215" HPOS="2671" VPOS="3282" WIDTH="162" HEIGHT="38" CONTENT="informa" SUBS_TYPE="HypPart1" SUBS_CONTENT="informational" WC="1.00" CC="0600004"/>
						<HYP HPOS="2833" VPOS="3282" WIDTH="22" CONTENT="-"/>
					</TextLine>
					<TextLine ID="P29_TL00126" HPOS="1430" VPOS="3321" WIDTH="1425" HEIGHT="68">
						<String ID="P29_ST01216" HPOS="1430" VPOS="3321" WIDTH="121" HEIGHT="36" CONTENT="tional" SUBS_TYPE="HypPart2" SUBS_CONTENT="informational" WC="0.98" CC="601701"/>
						<SP ID="P29_SP01090" HPOS="1551" VPOS="3357" WIDTH="13"/>
						<String ID="P29_ST01217" HPOS="1564" VPOS="3334" WIDTH="150" HEIGHT="33" CONTENT="course," WC="0.99" CC="1002004"/>
						<SP ID="P29_SP01091" HPOS="1713" VPOS="3367" WIDTH="14"/>
						<String ID="P29_ST01218" HPOS="1728" VPOS="3324" WIDTH="83" HEIGHT="36" CONTENT="into" WC="0.99" CC="0600"/>
						<SP ID="P29_SP01092" HPOS="1811" VPOS="3367" WIDTH="11"/>
						<String ID="P29_ST01219" HPOS="1822" VPOS="3328" WIDTH="187" HEIGHT="49" CONTENT="covering" WC="1.00" CC="10000070"/>
						<SP ID="P29_SP01093" HPOS="2009" VPOS="3376" WIDTH="13"/>
						<String ID="P29_ST01220" HPOS="2022" VPOS="3328" WIDTH="65" HEIGHT="38" CONTENT="the" WC="1.00" CC="000"/>
						<SP ID="P29_SP01094" HPOS="2087" VPOS="3376" WIDTH="14"/>
						<String ID="P29_ST01221" HPOS="2101" VPOS="3332" WIDTH="187" HEIGHT="36" CONTENT="material." WC="1.00" CC="000000400"/>
						<SP ID="P29_SP01095" HPOS="2288" VPOS="3376" WIDTH="14"/>
						<String ID="P29_ST01222" HPOS="2302" VPOS="3334" WIDTH="93" HEIGHT="36" CONTENT="Like" WC="0.99" CC="0300"/>
						<SP ID="P29_SP01096" HPOS="2395" VPOS="3376" WIDTH="14"/>
						<String ID="P29_ST01223" HPOS="2409" VPOS="3334" WIDTH="104" HEIGHT="52" CONTENT="right" WC="1.00" CC="00000"/>
						<SP ID="P29_SP01097" HPOS="2513" VPOS="3386" WIDTH="13"/>
						<String ID="P29_ST01224" HPOS="2526" VPOS="3348" WIDTH="93" HEIGHT="25" CONTENT="now" WC="1.00" CC="000"/>
						<SP ID="P29_SP01098" HPOS="2619" VPOS="3386" WIDTH="13"/>
						<String ID="P29_ST01225" HPOS="2631" VPOS="3340" WIDTH="43" HEIGHT="35" CONTENT="in" WC="0.67" CC="06"/>
						<SP ID="P29_SP01099" HPOS="2674" VPOS="3386" WIDTH="11"/>
						<String ID="P29_ST01226" HPOS="2685" VPOS="3351" WIDTH="69" HEIGHT="38" CONTENT="my" WC="0.11" CC="79"/>
						<SP ID="P29_SP01100" HPOS="2754" VPOS="3389" WIDTH="11"/>
						<String ID="P29_ST01227" HPOS="2765" VPOS="3340" WIDTH="60" HEIGHT="36" CONTENT="Mu" SUBS_TYPE="HypPart1" SUBS_CONTENT="Music" WC="0.97" CC="70"/>
						<HYP HPOS="2825" VPOS="3340" WIDTH="30" CONTENT="-"/>
					</TextLine>
					<TextLine ID="P29_TL00127" HPOS="1430" VPOS="3376" WIDTH="1426" HEIGHT="72">
						<String ID="P29_ST01228" HPOS="1430" VPOS="3378" WIDTH="54" HEIGHT="35" CONTENT="sic" SUBS_TYPE="HypPart2" SUBS_CONTENT="Music" WC="1.00" CC="000"/>
						<SP ID="P29_SP01101" HPOS="1483" VPOS="3413" WIDTH="19"/>
						<String ID="P29_ST01229" HPOS="1502" VPOS="3378" WIDTH="17" HEIGHT="35" CONTENT="1" WC="1.00" CC="0"/>
						<SP ID="P29_SP01102" HPOS="1520" VPOS="3413" WIDTH="20"/>
						<String ID="P29_ST01230" HPOS="1540" VPOS="3376" WIDTH="110" HEIGHT="44" CONTENT="class," WC="1.00" CC="000004"/>
						<SP ID="P29_SP01103" HPOS="1650" VPOS="3420" WIDTH="19"/>
						<String ID="P29_ST01231" HPOS="1669" VPOS="3380" WIDTH="71" HEIGHT="36" CONTENT="I'm" WC="0.99" CC="003"/>
						<SP ID="P29_SP01104" HPOS="1740" VPOS="3420" WIDTH="17"/>
						<String ID="P29_ST01232" HPOS="1757" VPOS="3384" WIDTH="172" HEIGHT="47" CONTENT="running" WC="0.99" CC="3045050"/>
						<SP ID="P29_SP01105" HPOS="1929" VPOS="3431" WIDTH="14"/>
						<String ID="P29_ST01233" HPOS="1943" VPOS="3383" WIDTH="164" HEIGHT="46" CONTENT="behind," WC="1.00" CC="0000004"/>
						<SP ID="P29_SP01106" HPOS="2107" VPOS="3431" WIDTH="17"/>
						<String ID="P29_ST01234" HPOS="2124" VPOS="3386" WIDTH="71" HEIGHT="36" CONTENT="I'm" WC="1.00" CC="000"/>
						<SP ID="P29_SP01107" HPOS="2195" VPOS="3431" WIDTH="17"/>
						<String ID="P29_ST01235" HPOS="2213" VPOS="3387" WIDTH="151" HEIGHT="50" CONTENT="talking" WC="0.99" CC="2006002"/>
						<SP ID="P29_SP01108" HPOS="2364" VPOS="3438" WIDTH="16"/>
						<String ID="P29_ST01236" HPOS="2380" VPOS="3389" WIDTH="87" HEIGHT="39" CONTENT="fast." WC="0.99" CC="50001"/>
						<SP ID="P29_SP01109" HPOS="2466" VPOS="3438" WIDTH="19"/>
						<String ID="P29_ST01237" HPOS="2485" VPOS="3392" WIDTH="80" HEIGHT="38" CONTENT="The" WC="1.00" CC="000"/>
						<SP ID="P29_SP01110" HPOS="2565" VPOS="3438" WIDTH="14"/>
						<String ID="P29_ST01238" HPOS="2580" VPOS="3394" WIDTH="217" HEIGHT="54" CONTENT="beginning" WC="0.99" CC="100067049"/>
						<SP ID="P29_SP01111" HPOS="2797" VPOS="3447" WIDTH="16"/>
						<String ID="P29_ST01239" HPOS="2813" VPOS="3395" WIDTH="43" HEIGHT="38" CONTENT="of" WC="0.62" CC="07"/>
					</TextLine>
					<TextLine ID="P29_TL00128" HPOS="1430" VPOS="3433" WIDTH="1425" HEIGHT="68">
						<String ID="P29_ST01240" HPOS="1430" VPOS="3433" WIDTH="65" HEIGHT="36" CONTENT="the" WC="0.98" CC="050"/>
						<SP ID="P29_SP01112" HPOS="1494" VPOS="3469" WIDTH="17"/>
						<String ID="P29_ST01241" HPOS="1512" VPOS="3433" WIDTH="99" HEIGHT="38" CONTENT="class" WC="0.99" CC="04000"/>
						<SP ID="P29_SP01113" HPOS="1611" VPOS="3471" WIDTH="16"/>
						<String ID="P29_ST01242" HPOS="1627" VPOS="3441" WIDTH="109" HEIGHT="31" CONTENT="went" WC="0.99" CC="0004"/>
						<SP ID="P29_SP01114" HPOS="1735" VPOS="3472" WIDTH="16"/>
						<String ID="P29_ST01243" HPOS="1751" VPOS="3438" WIDTH="120" HEIGHT="50" CONTENT="really" WC="0.99" CC="005230"/>
						<SP ID="P29_SP01115" HPOS="1871" VPOS="3488" WIDTH="16"/>
						<String ID="P29_ST01244" HPOS="1887" VPOS="3439" WIDTH="102" HEIGHT="44" CONTENT="well," WC="0.99" CC="00033"/>
						<SP ID="P29_SP01116" HPOS="1989" VPOS="3488" WIDTH="17"/>
						<String ID="P29_ST01245" HPOS="2006" VPOS="3441" WIDTH="16" HEIGHT="36" CONTENT="I" WC="1.00" CC="0"/>
						<SP ID="P29_SP01117" HPOS="2022" VPOS="3488" WIDTH="17"/>
						<String ID="P29_ST01246" HPOS="2039" VPOS="3441" WIDTH="170" HEIGHT="52" CONTENT="thought" WC="1.00" CC="0004001"/>
						<SP ID="P29_SP01118" HPOS="2209" VPOS="3493" WIDTH="17"/>
						<String ID="P29_ST01247" HPOS="2227" VPOS="3447" WIDTH="28" HEIGHT="35" CONTENT="it" WC="0.71" CC="41"/>
						<SP ID="P29_SP01119" HPOS="2255" VPOS="3493" WIDTH="16"/>
						<String ID="P29_ST01248" HPOS="2271" VPOS="3452" WIDTH="107" HEIGHT="31" CONTENT="went" WC="0.99" CC="0021"/>
						<SP ID="P29_SP01120" HPOS="2378" VPOS="3493" WIDTH="17"/>
						<String ID="P29_ST01249" HPOS="2395" VPOS="3447" WIDTH="124" HEIGHT="38" CONTENT="better" WC="1.00" CC="000000"/>
						<SP ID="P29_SP01121" HPOS="2520" VPOS="3493" WIDTH="17"/>
						<String ID="P29_ST01250" HPOS="2537" VPOS="3449" WIDTH="94" HEIGHT="38" CONTENT="than" WC="0.98" CC="1521"/>
						<SP ID="P29_SP01122" HPOS="2631" VPOS="3493" WIDTH="17"/>
						<String ID="P29_ST01251" HPOS="2649" VPOS="3463" WIDTH="77" HEIGHT="38" CONTENT="any" WC="0.94" CC="364"/>
						<SP ID="P29_SP01123" HPOS="2726" VPOS="3501" WIDTH="17"/>
						<String ID="P29_ST01252" HPOS="2743" VPOS="3452" WIDTH="112" HEIGHT="38" CONTENT="other" WC="1.00" CC="20000"/>
					</TextLine>
					<TextLine ID="P29_TL00129" HPOS="1430" VPOS="3490" WIDTH="1422" HEIGHT="63">
						<String ID="P29_ST01253" HPOS="1430" VPOS="3490" WIDTH="128" HEIGHT="36" CONTENT="Music" WC="0.99" CC="06000"/>
						<SP ID="P29_SP01124" HPOS="1557" VPOS="3526" WIDTH="17"/>
						<String ID="P29_ST01254" HPOS="1575" VPOS="3491" WIDTH="17" HEIGHT="35" CONTENT="1" WC="0.99" CC="0"/>
						<SP ID="P29_SP01125" HPOS="1592" VPOS="3526" WIDTH="19"/>
						<String ID="P29_ST01255" HPOS="1611" VPOS="3491" WIDTH="98" HEIGHT="38" CONTENT="class" WC="1.00" CC="01001"/>
						<SP ID="P29_SP01126" HPOS="1709" VPOS="3529" WIDTH="17"/>
						<String ID="P29_ST01256" HPOS="1726" VPOS="3493" WIDTH="79" HEIGHT="38" CONTENT="I've" WC="1.00" CC="0000"/>
						<SP ID="P29_SP01127" HPOS="1805" VPOS="3531" WIDTH="14"/>
						<String ID="P29_ST01257" HPOS="1819" VPOS="3507" WIDTH="91" HEIGHT="25" CONTENT="ever" WC="1.00" CC="0000"/>
						<SP ID="P29_SP01128" HPOS="1910" VPOS="3532" WIDTH="16"/>
						<String ID="P29_ST01258" HPOS="1926" VPOS="3496" WIDTH="115" HEIGHT="38" CONTENT="done." WC="1.00" CC="00000"/>
						<SP ID="P29_SP01129" HPOS="2041" VPOS="3534" WIDTH="19"/>
						<String ID="P29_ST01259" HPOS="2060" VPOS="3499" WIDTH="74" HEIGHT="36" CONTENT="But" WC="0.98" CC="400"/>
						<SP ID="P29_SP01130" HPOS="2134" VPOS="3535" WIDTH="14"/>
						<String ID="P29_ST01260" HPOS="2148" VPOS="3501" WIDTH="206" HEIGHT="38" CONTENT="somehow" WC="1.00" CC="0400000"/>
						<SP ID="P29_SP01131" HPOS="2354" VPOS="3539" WIDTH="17"/>
						<String ID="P29_ST01261" HPOS="2372" VPOS="3504" WIDTH="16" HEIGHT="36" CONTENT="I" WC="1.00" CC="0"/>
						<SP ID="P29_SP01132" HPOS="2387" VPOS="3540" WIDTH="14"/>
						<String ID="P29_ST01262" HPOS="2402" VPOS="3509" WIDTH="71" HEIGHT="44" CONTENT="got" WC="1.00" CC="001"/>
						<SP ID="P29_SP01133" HPOS="2472" VPOS="3553" WIDTH="14"/>
						<String ID="P29_ST01263" HPOS="2487" VPOS="3517" WIDTH="22" HEIGHT="25" CONTENT="a" WC="1.00" CC="0"/>
						<SP ID="P29_SP01134" HPOS="2509" VPOS="3553" WIDTH="16"/>
						<String ID="P29_ST01264" HPOS="2524" VPOS="3506" WIDTH="96" HEIGHT="38" CONTENT="little" WC="0.99" CC="610050"/>
						<SP ID="P29_SP01135" HPOS="2620" VPOS="3553" WIDTH="13"/>
						<String ID="P29_ST01265" HPOS="2633" VPOS="3507" WIDTH="58" HEIGHT="38" CONTENT="bit" WC="0.99" CC="002"/>
						<SP ID="P29_SP01136" HPOS="2691" VPOS="3553" WIDTH="13"/>
						<String ID="P29_ST01266" HPOS="2704" VPOS="3507" WIDTH="148" HEIGHT="39" CONTENT="behind" WC="1.00" CC="000600"/>
					</TextLine>
					<TextLine ID="P29_TL00130" HPOS="1430" VPOS="3546" WIDTH="1422" HEIGHT="67">
						<String ID="P29_ST01267" HPOS="1430" VPOS="3546" WIDTH="77" HEIGHT="36" CONTENT="and" WC="0.96" CC="460"/>
						<SP ID="P29_SP01137" HPOS="1507" VPOS="3583" WIDTH="13"/>
						<String ID="P29_ST01268" HPOS="1520" VPOS="3548" WIDTH="14" HEIGHT="35" CONTENT="I" WC="1.00" CC="0"/>
						<SP ID="P29_SP01138" HPOS="1534" VPOS="3583" WIDTH="13"/>
						<String ID="P29_ST01269" HPOS="1546" VPOS="3559" WIDTH="72" HEIGHT="25" CONTENT="can" WC="1.00" CC="000"/>
						<SP ID="P29_SP01139" HPOS="1619" VPOS="3584" WIDTH="11"/>
						<String ID="P29_ST01270" HPOS="1630" VPOS="3548" WIDTH="76" HEIGHT="38" CONTENT="feel" WC="1.00" CC="0000"/>
						<SP ID="P29_SP01140" HPOS="1706" VPOS="3586" WIDTH="13"/>
						<String ID="P29_ST01271" HPOS="1718" VPOS="3551" WIDTH="145" HEIGHT="49" CONTENT="myself" WC="0.99" CC="000060"/>
						<SP ID="P29_SP01141" HPOS="1863" VPOS="3600" WIDTH="11"/>
						<String ID="P29_ST01272" HPOS="1874" VPOS="3551" WIDTH="173" HEIGHT="52" CONTENT="rushing," WC="1.00" CC="00001003"/>
						<SP ID="P29_SP01142" HPOS="2047" VPOS="3603" WIDTH="16"/>
						<String ID="P29_ST01273" HPOS="2063" VPOS="3556" WIDTH="79" HEIGHT="36" CONTENT="and" WC="1.00" CC="000"/>
						<SP ID="P29_SP01143" HPOS="2142" VPOS="3603" WIDTH="11"/>
						<String ID="P29_ST01274" HPOS="2153" VPOS="3556" WIDTH="121" HEIGHT="39" CONTENT="when" WC="0.99" CC="0005"/>
						<SP ID="P29_SP01144" HPOS="2274" VPOS="3603" WIDTH="13"/>
						<String ID="P29_ST01275" HPOS="2287" VPOS="3559" WIDTH="72" HEIGHT="36" CONTENT="I'm" WC="1.00" CC="000"/>
						<SP ID="P29_SP01145" HPOS="2359" VPOS="3603" WIDTH="11"/>
						<String ID="P29_ST01276" HPOS="2370" VPOS="3561" WIDTH="178" HEIGHT="52" CONTENT="rushing," WC="1.00" CC="00203000"/>
						<SP ID="P29_SP01146" HPOS="2548" VPOS="3613" WIDTH="13"/>
						<String ID="P29_ST01277" HPOS="2561" VPOS="3564" WIDTH="72" HEIGHT="38" CONTENT="I'm" WC="1.00" CC="000"/>
						<SP ID="P29_SP01147" HPOS="2633" VPOS="3613" WIDTH="11"/>
						<String ID="P29_ST01278" HPOS="2644" VPOS="3569" WIDTH="71" HEIGHT="35" CONTENT="not" WC="0.98" CC="320"/>
						<SP ID="P29_SP01148" HPOS="2715" VPOS="3613" WIDTH="11"/>
						<String ID="P29_ST01279" HPOS="2726" VPOS="3567" WIDTH="106" HEIGHT="36" CONTENT="teach" SUBS_TYPE="HypPart1" SUBS_CONTENT="teaching" WC="1.00" CC="00000"/>
						<HYP HPOS="2831" VPOS="3567" WIDTH="20" CONTENT="-"/>
					</TextLine>
					<TextLine ID="P29_TL00131" HPOS="1428" VPOS="3603" WIDTH="1424" HEIGHT="69">
						<String ID="P29_ST01280" HPOS="1428" VPOS="3603" WIDTH="66" HEIGHT="49" CONTENT="ing" SUBS_TYPE="HypPart2" SUBS_CONTENT="teaching" WC="1.00" CC="000"/>
						<SP ID="P29_SP01149" HPOS="1494" VPOS="3652" WIDTH="71"/>
						<String ID="P29_ST01281" HPOS="1565" VPOS="3603" WIDTH="72" HEIGHT="36" CONTENT="I'm" WC="1.00" CC="000"/>
						<SP ID="P29_SP01150" HPOS="1638" VPOS="3652" WIDTH="11"/>
						<String ID="P29_ST01282" HPOS="1649" VPOS="3606" WIDTH="176" HEIGHT="49" CONTENT="covering." WC="1.00" CC="001050030" STYLEREFS="TXT_2"/>
						<SP ID="P29_SP01151" HPOS="1825" VPOS="3655" WIDTH="14"/>
						<String ID="P29_ST01283" HPOS="1839" VPOS="3608" WIDTH="71" HEIGHT="36" CONTENT="I'm" WC="1.00" CC="000"/>
						<SP ID="P29_SP01152" HPOS="1910" VPOS="3655" WIDTH="13"/>
						<String ID="P29_ST01284" HPOS="1923" VPOS="3613" WIDTH="140" HEIGHT="47" CONTENT="saying" WC="1.00" CC="020000"/>
						<SP ID="P29_SP01153" HPOS="2063" VPOS="3660" WIDTH="13"/>
						<String ID="P29_ST01285" HPOS="2076" VPOS="3613" WIDTH="50" HEIGHT="35" CONTENT="all" WC="0.98" CC="060"/>
						<SP ID="P29_SP01154" HPOS="2126" VPOS="3660" WIDTH="13"/>
						<String ID="P29_ST01286" HPOS="2139" VPOS="3613" WIDTH="44" HEIGHT="36" CONTENT="of" WC="1.00" CC="00"/>
						<SP ID="P29_SP01155" HPOS="2183" VPOS="3660" WIDTH="9"/>
						<String ID="P29_ST01287" HPOS="2192" VPOS="3613" WIDTH="66" HEIGHT="38" CONTENT="the" WC="0.99" CC="200"/>
						<SP ID="P29_SP01156" HPOS="2258" VPOS="3660" WIDTH="13"/>
						<String ID="P29_ST01288" HPOS="2271" VPOS="3616" WIDTH="104" HEIGHT="49" CONTENT="right" WC="1.00" CC="10000"/>
						<SP ID="P29_SP01157" HPOS="2375" VPOS="3665" WIDTH="13"/>
						<String ID="P29_ST01289" HPOS="2387" VPOS="3617" WIDTH="145" HEIGHT="50" CONTENT="things," WC="1.00" CC="0000003"/>
						<SP ID="P29_SP01158" HPOS="2532" VPOS="3668" WIDTH="11"/>
						<String ID="P29_ST01290" HPOS="2543" VPOS="3619" WIDTH="72" HEIGHT="38" CONTENT="but" WC="0.98" CC="012"/>
						<SP ID="P29_SP01159" HPOS="2616" VPOS="3668" WIDTH="13"/>
						<String ID="P29_ST01291" HPOS="2628" VPOS="3620" WIDTH="72" HEIGHT="36" CONTENT="I'm" WC="1.00" CC="000"/>
						<SP ID="P29_SP01160" HPOS="2701" VPOS="3668" WIDTH="9"/>
						<String ID="P29_ST01292" HPOS="2710" VPOS="3620" WIDTH="123" HEIGHT="52" CONTENT="forget" SUBS_TYPE="HypPart1" SUBS_CONTENT="forgetting" WC="1.00" CC="000000"/>
						<HYP HPOS="2833" VPOS="3620" WIDTH="19" CONTENT="-"/>
					</TextLine>
					<TextLine ID="P29_TL00132" HPOS="1427" VPOS="3660" WIDTH="1424" HEIGHT="61">
						<String ID="P29_ST01293" HPOS="1427" VPOS="3660" WIDTH="82" HEIGHT="47" CONTENT="ting" SUBS_TYPE="HypPart2" SUBS_CONTENT="forgetting" WC="0.99" CC="0050"/>
						<SP ID="P29_SP01161" HPOS="1509" VPOS="3707" WIDTH="11"/>
						<String ID="P29_ST01294" HPOS="1520" VPOS="3660" WIDTH="109" HEIGHT="38" CONTENT="what" WC="0.98" CC="0404"/>
						<SP ID="P29_SP01162" HPOS="1628" VPOS="3707" WIDTH="11"/>
						<String ID="P29_ST01295" HPOS="1639" VPOS="3665" WIDTH="28" HEIGHT="33" CONTENT="it" WC="0.74" CC="05"/>
						<SP ID="P29_SP01163" HPOS="1668" VPOS="3707" WIDTH="13"/>
						<String ID="P29_ST01296" HPOS="1680" VPOS="3674" WIDTH="135" HEIGHT="25" CONTENT="means" WC="0.99" CC="00060"/>
						<SP ID="P29_SP01164" HPOS="1816" VPOS="3707" WIDTH="13"/>
						<String ID="P29_ST01297" HPOS="1828" VPOS="3669" WIDTH="39" HEIGHT="31" CONTENT="to" WC="0.81" CC="03"/>
						<SP ID="P29_SP01165" HPOS="1868" VPOS="3707" WIDTH="13"/>
						<String ID="P29_ST01298" HPOS="1880" VPOS="3666" WIDTH="49" HEIGHT="35" CONTENT="sit" WC="0.99" CC="030"/>
						<SP ID="P29_SP01166" HPOS="1929" VPOS="3707" WIDTH="11"/>
						<String ID="P29_ST01299" HPOS="1940" VPOS="3672" WIDTH="71" HEIGHT="30" CONTENT="out" WC="0.97" CC="420"/>
						<SP ID="P29_SP01167" HPOS="2011" VPOS="3707" WIDTH="11"/>
						<String ID="P29_ST01300" HPOS="2022" VPOS="3666" WIDTH="107" HEIGHT="39" CONTENT="there" WC="0.99" CC="30040"/>
						<SP ID="P29_SP01168" HPOS="2129" VPOS="3707" WIDTH="13"/>
						<String ID="P29_ST01301" HPOS="2142" VPOS="3671" WIDTH="80" HEIGHT="36" CONTENT="and" WC="0.98" CC="040"/>
						<SP ID="P29_SP01169" HPOS="2222" VPOS="3707" WIDTH="11"/>
						<String ID="P29_ST01302" HPOS="2233" VPOS="3682" WIDTH="77" HEIGHT="39" CONTENT="say," WC="0.99" CC="0003"/>
						<SP ID="P29_SP01170" HPOS="2310" VPOS="3721" WIDTH="16"/>
						<String ID="P29_ST01303" HPOS="2326" VPOS="3672" WIDTH="35" HEIGHT="36" CONTENT='"I' WC="0.60" CC="80"/>
						<SP ID="P29_SP01171" HPOS="2361" VPOS="3721" WIDTH="14"/>
						<String ID="P29_ST01304" HPOS="2375" VPOS="3672" WIDTH="131" HEIGHT="39" CONTENT="didn't" WC="0.99" CC="010700"/>
						<SP ID="P29_SP01172" HPOS="2506" VPOS="3721" WIDTH="13"/>
						<String ID="P29_ST01305" HPOS="2518" VPOS="3676" WIDTH="244" HEIGHT="41" CONTENT="understand" WC="1.00" CC="0600000030"/>
						<SP ID="P29_SP01173" HPOS="2762" VPOS="3721" WIDTH="13"/>
						<String ID="P29_ST01306" HPOS="2775" VPOS="3680" WIDTH="76" HEIGHT="36" CONTENT="this" WC="1.00" CC="1000"/>
					</TextLine>
					<TextLine ID="P29_TL00133" HPOS="1425" VPOS="3715" WIDTH="1424" HEIGHT="71">
						<String ID="P29_ST01307" HPOS="1425" VPOS="3715" WIDTH="143" HEIGHT="44" CONTENT="before," WC="0.98" CC="2635544"/>
						<SP ID="P29_SP01174" HPOS="1569" VPOS="3759" WIDTH="20"/>
						<String ID="P29_ST01308" HPOS="1589" VPOS="3717" WIDTH="79" HEIGHT="36" CONTENT="and" WC="0.95" CC="770"/>
						<SP ID="P29_SP01175" HPOS="1668" VPOS="3759" WIDTH="20"/>
						<String ID="P29_ST01309" HPOS="1688" VPOS="3718" WIDTH="14" HEIGHT="35" CONTENT="I" WC="0.46" CC="5"/>
						<SP ID="P29_SP01176" HPOS="1702" VPOS="3759" WIDTH="17"/>
						<String ID="P29_ST01310" HPOS="1720" VPOS="3718" WIDTH="77" HEIGHT="36" CONTENT="still" WC="0.98" CC="03165"/>
						<SP ID="P29_SP01177" HPOS="1797" VPOS="3759" WIDTH="20"/>
						<String ID="P29_ST01311" HPOS="1817" VPOS="3720" WIDTH="83" HEIGHT="36" CONTENT="don" WC="0.98" CC="060"/>
						<SP ID="P29_SP01178" HPOS="1901" VPOS="3759" WIDTH="14"/>
						<String ID="P29_ST01312" HPOS="1915" VPOS="3724" WIDTH="13" HEIGHT="33" CONTENT="t" WC="0.26" CC="7"/>
						<SP ID="P29_SP01179" HPOS="1928" VPOS="3759" WIDTH="19"/>
						<String ID="P29_ST01313" HPOS="1946" VPOS="3723" WIDTH="247" HEIGHT="38" CONTENT="understand" WC="1.00" CC="4006300000"/>
						<SP ID="P29_SP01180" HPOS="2194" VPOS="3761" WIDTH="19"/>
						<String ID="P29_ST01314" HPOS="2213" VPOS="3728" WIDTH="39" HEIGHT="35" CONTENT="it." WC="0.95" CC="453"/>
						<SP ID="P29_SP01181" HPOS="2252" VPOS="3762" WIDTH="19"/>
						<String ID="P29_ST01315" HPOS="2271" VPOS="3728" WIDTH="82" HEIGHT="36" CONTENT="You" WC="0.94" CC="463"/>
						<SP ID="P29_SP01182" HPOS="2353" VPOS="3764" WIDTH="20"/>
						<String ID="P29_ST01316" HPOS="2373" VPOS="3742" WIDTH="94" HEIGHT="36" CONTENT="may" WC="0.97" CC="070"/>
						<SP ID="P29_SP01183" HPOS="2468" VPOS="3778" WIDTH="16"/>
						<String ID="P29_ST01317" HPOS="2483" VPOS="3731" WIDTH="52" HEIGHT="38" CONTENT="be" WC="0.64" CC="07"/>
						<SP ID="P29_SP01184" HPOS="2535" VPOS="3778" WIDTH="17"/>
						<String ID="P29_ST01318" HPOS="2553" VPOS="3734" WIDTH="140" HEIGHT="50" CONTENT="saying" WC="0.98" CC="060009"/>
						<SP ID="P29_SP01185" HPOS="2693" VPOS="3784" WIDTH="17"/>
						<String ID="P29_ST01319" HPOS="2710" VPOS="3735" WIDTH="41" HEIGHT="41" CONTENT="it," WC="0.98" CC="004"/>
						<SP ID="P29_SP01186" HPOS="2751" VPOS="3784" WIDTH="19"/>
						<String ID="P29_ST01320" HPOS="2770" VPOS="3748" WIDTH="79" HEIGHT="38" CONTENT="you" WC="0.94" CC="951"/>
					</TextLine>
					<TextLine ID="P29_TL00134" HPOS="1425" VPOS="3772" WIDTH="1422" HEIGHT="66">
						<String ID="P29_ST01321" HPOS="1425" VPOS="3783" WIDTH="93" HEIGHT="38" CONTENT="may" WC="1.00" CC="000"/>
						<SP ID="P29_SP01187" HPOS="1518" VPOS="3820" WIDTH="17"/>
						<String ID="P29_ST01322" HPOS="1535" VPOS="3772" WIDTH="243" HEIGHT="41" CONTENT="understand" WC="1.00" CC="0000002050"/>
						<SP ID="P29_SP01188" HPOS="1778" VPOS="3820" WIDTH="19"/>
						<String ID="P29_ST01323" HPOS="1797" VPOS="3776" WIDTH="39" HEIGHT="43" CONTENT="it," WC="0.96" CC="244"/>
						<SP ID="P29_SP01189" HPOS="1836" VPOS="3820" WIDTH="17"/>
						<String ID="P29_ST01324" HPOS="1854" VPOS="3776" WIDTH="72" HEIGHT="36" CONTENT="but" WC="1.00" CC="000"/>
						<SP ID="P29_SP01190" HPOS="1926" VPOS="3820" WIDTH="16"/>
						<String ID="P29_ST01325" HPOS="1942" VPOS="3780" WIDTH="137" HEIGHT="47" CONTENT="you're" WC="1.00" CC="000040"/>
						<SP ID="P29_SP01191" HPOS="2079" VPOS="3827" WIDTH="16"/>
						<String ID="P29_ST01326" HPOS="2094" VPOS="3786" WIDTH="71" HEIGHT="31" CONTENT="not" WC="1.00" CC="000"/>
						<SP ID="P29_SP01192" HPOS="2165" VPOS="3827" WIDTH="16"/>
						<String ID="P29_ST01327" HPOS="2181" VPOS="3787" WIDTH="340" HEIGHT="50" CONTENT="communicating" WC="0.99" CC="0060073105070"/>
						<SP ID="P29_SP01193" HPOS="2521" VPOS="3838" WIDTH="16"/>
						<String ID="P29_ST01328" HPOS="2537" VPOS="3789" WIDTH="28" HEIGHT="35" CONTENT="it" WC="0.95" CC="00"/>
						<SP ID="P29_SP01194" HPOS="2565" VPOS="3838" WIDTH="16"/>
						<String ID="P29_ST01329" HPOS="2581" VPOS="3794" WIDTH="43" HEIGHT="33" CONTENT="to" WC="0.97" CC="00"/>
						<SP ID="P29_SP01195" HPOS="2624" VPOS="3838" WIDTH="16"/>
						<String ID="P29_ST01330" HPOS="2639" VPOS="3791" WIDTH="101" HEIGHT="38" CONTENT='me."' WC="0.98" CC="0008"/>
						<SP ID="P29_SP01196" HPOS="2740" VPOS="3838" WIDTH="16"/>
						<String ID="P29_ST01331" HPOS="2756" VPOS="3792" WIDTH="91" HEIGHT="38" CONTENT="And" WC="1.00" CC="000"/>
					</TextLine>
					<TextLine ID="P29_TL00135" HPOS="1424" VPOS="3827" WIDTH="1424" HEIGHT="61">
						<String ID="P29_ST01332" HPOS="1424" VPOS="3827" WIDTH="61" HEIGHT="36" CONTENT="it's" WC="0.99" CC="0400"/>
						<SP ID="P29_SP01197" HPOS="1485" VPOS="3863" WIDTH="17"/>
						<String ID="P29_ST01333" HPOS="1502" VPOS="3839" WIDTH="96" HEIGHT="38" CONTENT="very" WC="1.00" CC="0020"/>
						<SP ID="P29_SP01198" HPOS="1598" VPOS="3877" WIDTH="17"/>
						<String ID="P29_ST01334" HPOS="1616" VPOS="3830" WIDTH="98" HEIGHT="36" CONTENT="hard" WC="0.97" CC="4340"/>
						<SP ID="P29_SP01199" HPOS="1713" VPOS="3877" WIDTH="19"/>
						<String ID="P29_ST01335" HPOS="1732" VPOS="3836" WIDTH="41" HEIGHT="31" CONTENT="to" WC="0.65" CC="60"/>
						<SP ID="P29_SP01200" HPOS="1773" VPOS="3877" WIDTH="17"/>
						<String ID="P29_ST01336" HPOS="1791" VPOS="3831" WIDTH="99" HEIGHT="50" CONTENT="keep" WC="0.99" CC="0020"/>
						<SP ID="P29_SP01201" HPOS="1890" VPOS="3882" WIDTH="19"/>
						<String ID="P29_ST01337" HPOS="1909" VPOS="3836" WIDTH="290" HEIGHT="52" CONTENT="remembering" WC="1.00" CC="00000003000"/>
						<SP ID="P29_SP01202" HPOS="2198" VPOS="3888" WIDTH="16"/>
						<String ID="P29_ST01338" HPOS="2214" VPOS="3838" WIDTH="110" HEIGHT="39" CONTENT="what" WC="0.99" CC="0210"/>
						<SP ID="P29_SP01203" HPOS="2324" VPOS="3888" WIDTH="17"/>
						<String ID="P29_ST01339" HPOS="2342" VPOS="3843" WIDTH="28" HEIGHT="35" CONTENT="it" WC="0.81" CC="03"/>
						<SP ID="P29_SP01204" HPOS="2370" VPOS="3888" WIDTH="17"/>
						<String ID="P29_ST01340" HPOS="2387" VPOS="3854" WIDTH="139" HEIGHT="27" CONTENT="means" WC="1.00" CC="00000"/>
						<SP ID="P29_SP01205" HPOS="2526" VPOS="3888" WIDTH="17"/>
						<String ID="P29_ST01341" HPOS="2543" VPOS="3849" WIDTH="69" HEIGHT="33" CONTENT="not" WC="0.99" CC="003"/>
						<SP ID="P29_SP01206" HPOS="2613" VPOS="3888" WIDTH="17"/>
						<String ID="P29_ST01342" HPOS="2630" VPOS="3850" WIDTH="41" HEIGHT="31" CONTENT="to" WC="0.65" CC="33"/>
						<SP ID="P29_SP01207" HPOS="2671" VPOS="3888" WIDTH="19"/>
						<String ID="P29_ST01343" HPOS="2690" VPOS="3847" WIDTH="118" HEIGHT="38" CONTENT="know" WC="1.00" CC="0000"/>
						<SP ID="P29_SP01208" HPOS="2808" VPOS="3888" WIDTH="19"/>
						<String ID="P29_ST01344" HPOS="2827" VPOS="3861" WIDTH="20" HEIGHT="24" CONTENT="a" WC="1.00" CC="0"/>
					</TextLine>
					<TextLine ID="P29_TL00136" HPOS="1424" VPOS="3882" WIDTH="1424" HEIGHT="60">
						<String ID="P29_ST01345" HPOS="1424" VPOS="3882" WIDTH="154" HEIGHT="50" CONTENT="subject." WC="1.00" CC="00040050"/>
						<SP ID="P29_SP01209" HPOS="1578" VPOS="3932" WIDTH="20"/>
						<String ID="P29_ST01346" HPOS="1598" VPOS="3887" WIDTH="14" HEIGHT="35" CONTENT="I" WC="1.00" CC="0"/>
						<SP ID="P29_SP01210" HPOS="1613" VPOS="3932" WIDTH="17"/>
						<String ID="P29_ST01347" HPOS="1630" VPOS="3885" WIDTH="118" HEIGHT="38" CONTENT="know" WC="0.99" CC="0500"/>
						<SP ID="P29_SP01211" HPOS="1748" VPOS="3932" WIDTH="17"/>
						<String ID="P29_ST01348" HPOS="1765" VPOS="3890" WIDTH="39" HEIGHT="41" CONTENT="it," WC="0.97" CC="034"/>
						<SP ID="P29_SP01212" HPOS="1805" VPOS="3932" WIDTH="16"/>
						<String ID="P29_ST01349" HPOS="1820" VPOS="3890" WIDTH="71" HEIGHT="35" CONTENT="but" WC="0.97" CC="402"/>
						<SP ID="P29_SP01213" HPOS="1891" VPOS="3932" WIDTH="17"/>
						<String ID="P29_ST01350" HPOS="1909" VPOS="3890" WIDTH="60" HEIGHT="36" CONTENT="it's" WC="1.00" CC="0200"/>
						<SP ID="P29_SP01214" HPOS="1969" VPOS="3932" WIDTH="17"/>
						<String ID="P29_ST01351" HPOS="1986" VPOS="3902" WIDTH="96" HEIGHT="39" CONTENT="very" WC="1.00" CC="0010"/>
						<SP ID="P29_SP01215" HPOS="2082" VPOS="3942" WIDTH="16"/>
						<String ID="P29_ST01352" HPOS="2098" VPOS="3893" WIDTH="98" HEIGHT="38" CONTENT="hard" WC="0.98" CC="0340"/>
						<SP ID="P29_SP01216" HPOS="2195" VPOS="3942" WIDTH="17"/>
						<String ID="P29_ST01353" HPOS="2213" VPOS="3894" WIDTH="61" HEIGHT="38" CONTENT="for" WC="1.00" CC="000"/>
						<SP ID="P29_SP01217" HPOS="2274" VPOS="3942" WIDTH="17"/>
						<String ID="P29_ST01354" HPOS="2291" VPOS="3907" WIDTH="63" HEIGHT="27" CONTENT="me" WC="1.00" CC="00"/>
						<SP ID="P29_SP01218" HPOS="2354" VPOS="3942" WIDTH="16"/>
						<String ID="P29_ST01355" HPOS="2370" VPOS="3902" WIDTH="43" HEIGHT="31" CONTENT="to" WC="0.86" CC="20"/>
						<SP ID="P29_SP01219" HPOS="2413" VPOS="3942" WIDTH="16"/>
						<String ID="P29_ST01356" HPOS="2428" VPOS="3901" WIDTH="219" HEIGHT="38" CONTENT="remember" WC="1.00" CC="00000000"/>
						<SP ID="P29_SP01220" HPOS="2647" VPOS="3942" WIDTH="14"/>
						<String ID="P29_ST01357" HPOS="2661" VPOS="3902" WIDTH="142" HEIGHT="39" CONTENT="what's" WC="1.00" CC="030000"/>
						<SP ID="P29_SP01221" HPOS="2803" VPOS="3942" WIDTH="17"/>
						<String ID="P29_ST01358" HPOS="2820" VPOS="3907" WIDTH="27" HEIGHT="35" CONTENT="it" WC="0.46" CC="45"/>
					</TextLine>
					<TextLine ID="P29_TL00137" HPOS="1424" VPOS="3939" WIDTH="398" HEIGHT="41">
						<String ID="P29_ST01359" HPOS="1424" VPOS="3939" WIDTH="76" HEIGHT="36" CONTENT="like" WC="1.00" CC="0000"/>
						<SP ID="P29_SP01222" HPOS="1499" VPOS="3975" WIDTH="13"/>
						<String ID="P29_ST01360" HPOS="1512" VPOS="3945" WIDTH="69" HEIGHT="31" CONTENT="not" WC="0.95" CC="742"/>
						<SP ID="P29_SP01223" HPOS="1581" VPOS="3976" WIDTH="14"/>
						<String ID="P29_ST01361" HPOS="1595" VPOS="3946" WIDTH="39" HEIGHT="30" CONTENT="to" WC="0.67" CC="60"/>
						<SP ID="P29_SP01224" HPOS="1635" VPOS="3976" WIDTH="16"/>
						<String ID="P29_ST01362" HPOS="1650" VPOS="3942" WIDTH="118" HEIGHT="36" CONTENT="know" WC="0.99" CC="0600"/>
						<SP ID="P29_SP01225" HPOS="1769" VPOS="3978" WIDTH="16"/>
						<String ID="P29_ST01363" HPOS="1784" VPOS="3945" WIDTH="38" HEIGHT="35" CONTENT="it." WC="0.99" CC="210"/>
					</TextLine>
				</TextBlock>
				<TextBlock ID="P29_TB00010" HPOS="1375" VPOS="4050" WIDTH="99" HEIGHT="79" language="en" STYLEREFS="TXT_3 PAR_LEFT">
					<TextLine ID="P29_TL00138" HPOS="1375" VPOS="4050" WIDTH="99" HEIGHT="79">
						<String ID="P29_ST01364" HPOS="1375" VPOS="4050" WIDTH="99" HEIGHT="79" CONTENT="27" WC="1.00" CC="00"/>
					</TextLine>
				</TextBlock>
				<TextBlock ID="P29_TB00011" HPOS="2126" VPOS="146" WIDTH="846" HEIGHT="235" language="en" STYLEREFS="TXT_4 PAR_LEFT">
					<TextLine ID="P29_TL00139" HPOS="2261" VPOS="184" WIDTH="598" HEIGHT="55">
						<String ID="P29_ST01365" HPOS="2261" VPOS="184" WIDTH="277" HEIGHT="50" CONTENT="TEACHING" WC="0.98" CC="26673057"/>
						<SP ID="P29_SP01226" HPOS="2539" VPOS="235" WIDTH="19"/>
						<String ID="P29_ST01366" HPOS="2557" VPOS="189" WIDTH="66" HEIGHT="46" CONTENT="AT" WC="0.49" CC="63"/>
						<SP ID="P29_SP01227" HPOS="2624" VPOS="235" WIDTH="22"/>
						<String ID="P29_ST01367" HPOS="2646" VPOS="192" WIDTH="213" HEIGHT="47" CONTENT="BROWN:" WC="0.97" CC="360658"/>
					</TextLine>
					<TextLine ID="P29_TL00140" HPOS="2231" VPOS="265" WIDTH="661" HEIGHT="79">
						<String ID="P29_ST01368" HPOS="2231" VPOS="265" WIDTH="661" HEIGHT="79" CONTENT="CONVERSATIONS" WC="1.00" CC="6042500006020" STYLEREFS="TXT_5"/>
					</TextLine>
				</TextBlock>
				<TextBlock ID="P29_TB00012" HPOS="2120" VPOS="4000" WIDTH="724" HEIGHT="57" language="en" STYLEREFS="TXT_0 PAR_RIGHT">
					<TextLine ID="P29_TL00141" HPOS="2121" VPOS="4000" WIDTH="723" HEIGHT="57">
						<String ID="P29_ST01369" HPOS="2121" VPOS="4000" WIDTH="102" HEIGHT="39" CONTENT="Turn" WC="0.98" CC="5301"/>
						<SP ID="P29_SP01228" HPOS="2224" VPOS="4039" WIDTH="16"/>
						<String ID="P29_ST01370" HPOS="2239" VPOS="4003" WIDTH="55" HEIGHT="39" CONTENT="to" WC="0.63" CC="70"/>
						<SP ID="P29_SP01229" HPOS="2294" VPOS="4043" WIDTH="16"/>
						<String ID="P29_ST01371" HPOS="2310" VPOS="4003" WIDTH="254" HEIGHT="44" CONTENT="SUBOTNIK" WC="0.86" CC="03000610"/>
						<SP ID="P29_SP01230" HPOS="2564" VPOS="4047" WIDTH="14"/>
						<String ID="P29_ST01372" HPOS="2578" VPOS="4017" WIDTH="61" HEIGHT="30" CONTENT="on" WC="0.80" CC="03"/>
						<SP ID="P29_SP01231" HPOS="2639" VPOS="4047" WIDTH="19"/>
						<String ID="P29_ST01373" HPOS="2658" VPOS="4009" WIDTH="115" HEIGHT="47" CONTENT="Page" WC="0.95" CC="4466"/>
						<SP ID="P29_SP01232" HPOS="2773" VPOS="4057" WIDTH="14"/>
						<String ID="P29_ST01374" HPOS="2787" VPOS="4013" WIDTH="57" HEIGHT="38" CONTENT="32" WC="0.69" CC="06"/>
					</TextLine>
				</TextBlock>
				<ComposedBlock ID="P29_CB00001" HPOS="831" VPOS="1309" WIDTH="1154" HEIGHT="1512" STYLEREFS="TXT_6 PAR_LEFT" TYPE="Illustration">
					<GraphicalElement ID="P29_CB00001_SUB" HPOS="831" VPOS="1309" WIDTH="1154" HEIGHT="1512"/>
				</ComposedBlock>
			</PrintSpace>
		</Page>
	</Layout>
</alto>
