3126 4141
151 6 446 194 Just
665 5 1052 191 Rewards?

151 254 222 57 Brown
394 250 165 74 gives
580 250 77 55 its
680 247 236 58 awards
942 247 126 55 and
1091 247 408 63 ceremonies,
1521 244 115 57 but
1655 243 145 58 how
1817 243 162 76 large
2003 261 35 38 a
2058 243 128 58 role
2209 243 156 58 does
2386 241 296 77 teaching
2701 243 146 76 play
2863 241 206 58 where

151 343 46 58 it
217 350 228 50 counts
559 342 68 54 in
647 337 106 58 the
776 337 395 76 ambiguous,
1198 335 334 74 confusing
1551 343 219 47 tenure
1792 335 283 72 process?
2098 332 238 65 Joshua
2346 332 331 58 Weisbrod
2696 332 156 58 talks
2872 331 150 58 with

151 430 520 66 administrators,
696 428 126 58 and
843 428 169 57 finds
1033 427 135 57 that
1187 430 66 52 in
1272 425 106 57 the
1403 425 140 66 end,
1569 424 87 58 it’s
1679 424 117 58 still
1819 443 35 39 a
1872 424 254 74 publish
2150 443 69 38 or
2238 422 214 76 perish
2472 441 285 57 campus.

154 543 66 154 I

222 543 2 52 '
233 546 17 39 f
269 559 22 25 a
315 545 409 50 randomly-selected
750 545 142 36 Brown
915 543 167 36 student

227 614 107 28 were
357 603 126 36 asked
506 603 113 36 what
639 605 157 35 criteria
820 602 68 36 the
910 602 148 36 Univer-

222 663 83 47 sity
317 672 91 27 uses
419 665 104 33 most
534 658 235 50 intensively
781 665 39 30 to
833 669 126 25 assess
973 669 20 24 a
1008 657 74 36 fac-

153 718 85 52 ulty
252 717 214 38 member's
482 717 120 36 value
616 721 39 31 to
672 718 151 39 Brown,
841 715 65 36 the
921 715 161 36 student

153 775 139 38 would
306 773 192 52 probably
512 786 71 36 say
841 772 94 36 first.

211 831 101 39 Nice
332 830 175 52 thought
594 830 72 36 but
688 830 83 35 that
794 831 31 33 is
847 833 69 31 not
939 828 93 36 how
1055 830 27 35 it

153 888 145 39 works.

211 945 153 44 Rather,
380 945 120 38 when
517 956 22 25 a
557 943 146 50 faculty
723 943 176 36 member
917 945 31 33 is
964 943 120 49 being

153 1002 233 39 considered
397 1002 60 38 for
466 1005 328 47 reappointment,
806 1002 224 49 promotion
1041 1011 43 24 or

154 1072 24 28 a
186 1060 164 39 tenured
359 1061 183 47 position,
551 1058 66 38 the
627 1058 220 49 University
858 1060 107 47 gives
976 1068 107 25 more

154 1117 150 52 weight
320 1121 43 33 to
378 1117 195 49 scholarly
592 1115 176 38 research
786 1115 94 36 than
899 1118 39 33 to
957 1113 106 38 teach-

156 1178 68 49 ing
243 1178 268 47 competence,
534 1173 209 49 according
765 1178 39 31 to
825 1173 112 35 Dean
957 1172 44 36 of
1020 1172 65 35 the

156 1231 159 50 Faculty
328 1231 128 50 Bryan
468 1230 145 52 Shepp.

323 1293 98 33 treat
438 1288 217 38 excellence
672 1290 43 35 in
732 1287 181 49 teaching
932 1285 79 38 and
1030 1298 38 24 re-

156 1345 135 43 search
307 1357 57 25 on
381 1357 22 25 a
420 1357 74 38 par
512 1343 99 38 with
630 1343 94 38 each
743 1343 112 36 other
872 1343 121 35 when
1011 1346 57 31 set-

156 1405 85 50 ting
254 1403 148 49 faculty
624 1402 50 36 he
688 1402 96 36 said.
912 1403 41 33 in
967 1405 120 31 terms

156 1460 46 39 of
222 1465 145 35 tenure
389 1458 82 38 and
494 1460 254 49 promotion,
772 1457 68 36 the
863 1457 159 50 quality
1046 1457 41 35 of

157 1517 243 50 scholarship
411 1518 169 35 receives
591 1528 22 25 a
624 1520 148 46 greater
783 1515 200 49 emphasis
994 1513 93 36 than

157 1573 183 49 teaching

214 1631 120 44 Thus,
354 1630 66 38 the
438 1630 87 38 best
542 1630 241 36 researchers
868 1633 69 31 not
956 1639 110 25 neces-

157 1688 120 50 sarily
288 1688 66 38 the
364 1688 87 38 best
461 1687 176 38 teachers
709 1699 65 24 are
786 1685 208 50 promoted
1009 1685 77 36 and

159 1746 151 38 receive
331 1750 148 33 tenure.
501 1743 131 38 When
652 1756 20 25 a
694 1743 202 50 professor
917 1743 172 36 receives

159 1806 148 41 tenure,
328 1802 83 38 that
430 1802 146 49 faculty
597 1800 178 38 member
794 1803 31 35 is
847 1798 239 50 guaranteed

159 1860 271 52 employment
450 1858 101 38 until
570 1860 233 41 retirement,
824 1857 134 36 unless
976 1857 50 36 he
1046 1868 44 25 or

159 1918 71 38 she
238 1917 139 38 breaks
387 1917 66 36 the
465 1917 176 50 grounds
652 1915 43 38 of

159 1987 47 25 or
230 1978 183 35 extreme
438 1976 332 47 incompetence,
797 1972 227 49 according
1047 1976 43 30 to

159 2030 146 52 Shepp.

219 2088 131 38 That's
367 2091 68 35 not
450 2091 41 33 to
507 2099 71 38 say
594 2087 83 38 that
693 2099 118 36 every
828 2085 153 36 teacher
997 2085 93 35 who

161 2156 134 28 comes
307 2150 44 33 to
364 2143 143 38 Brown
518 2143 101 36 with
631 2154 24 25 a
669 2143 101 36 solid
786 2142 176 36 research
975 2142 93 36 back-

161 2202 157 52 ground
335 2203 172 36 receives
524 2205 148 33 tenure.
691 2202 43 35 In
751 2200 87 43 fact,
857 2198 65 38 the
939 2198 96 49 path
1052 2203 39 31 to

161 2265 150 38 tenure,
331 2257 134 38 which
483 2257 157 38 focuses
663 2268 54 25 on
737 2269 20 24 a
778 2257 238 49 professor's
1038 2266 35 25 re-

161 2315 145 39 search
328 2315 55 38 all
405 2315 69 38 the
498 2326 94 38 way
616 2313 195 49 through,
835 2313 72 36 has
934 2312 157 38 several

161 2372 148 50 bumps
328 2370 80 39 and
425 2376 112 46 stops
557 2370 118 50 along
693 2370 66 36 the
776 2381 90 38 way
885 2370 79 35 and
984 2370 107 35 takes

164 2430 121 38 about
299 2430 58 36 six
370 2439 123 39 years.

220 2485 121 50 Upon
350 2487 157 49 coming
518 2490 41 31 to
570 2485 151 41 Brown,
734 2496 19 24 a
765 2482 151 38 teacher
926 2483 167 35 receives

164 2554 50 27 an
227 2543 277 52 appointment
517 2553 43 25 as
572 2543 197 35 'assistant
1024 2542 69 35 For

164 2598 109 41 three
290 2611 124 39 years,
435 2598 66 38 the
520 2597 194 39 teacher's
734 2597 250 50 department
1003 2608 68 25 con-

165 2657 115 39 ducts
299 2668 52 25 an
370 2655 146 38 annual
537 2657 145 35 review
702 2655 44 36 of
764 2655 65 36 the
849 2655 246 36 instructor's

165 2713 176 39 research
359 2712 80 39 and
457 2712 184 49 teaching
658 2712 283 49 performance.
959 2712 52 35 At
1030 2710 65 36 the

164 2770 222 52 beginning
405 2770 43 36 of
466 2770 68 36 the
556 2770 106 36 third
682 2781 102 38 year,
806 2770 83 35 that
912 2770 184 35 assistant

165 2827 206 54 professor
391 2828 33 36 is
446 2828 123 49 given
589 2839 22 24 a
633 2828 146 35 review
802 2825 54 49 by
876 2825 63 36 his
961 2838 44 24 or
1027 2824 69 36 her

167 2896 112 39 peers
288 2887 43 35 in
339 2883 66 38 the
414 2883 258 50 department.
682 2883 323 49 Accompanying
1016 2882 80 36 that

169 2943 151 41 review,
334 2943 35 35 is
383 2953 20 25 a
420 2942 320 47 reappointment
753 2939 60 38 for
828 2951 101 30 zero,
946 2943 91 36 two,
1054 2950 44 25 or

169 2997 93 39 four
282 3009 129 38 years.
435 2997 139 50 Shepp
597 2995 214 38 described
836 2995 109 36 each:

169 3065 137 27 means
324 3054 146 50 you've
490 3054 121 49 really
630 3052 137 38 blown
786 3055 28 33 it
835 3052 77 36 and
934 3065 80 36 you
1035 3063 65 24 are

169 3123 54 27 on
236 3123 99 38 your
350 3123 91 38 way
455 3115 80 31 out.
551 3110 94 36 Two
660 3121 112 38 years
787 3121 137 24 means
940 3110 39 33 in
995 3113 104 30 most

169 3172 176 46 respects
369 3167 135 49 things
526 3178 66 25 are
613 3169 126 47 going
759 3170 131 44 pretty
912 3164 93 38 well
1027 3165 72 35 but

169 3224 109 39 there
290 3235 63 27 are
364 3235 112 27 some
487 3225 217 47 important
717 3224 269 35 reservations.
1000 3222 99 35 Four

170 3291 112 41 years
301 3291 137 27 means
458 3279 235 49 everything
712 3279 112 36 looks
844 3279 72 35 OK
935 3277 79 36 and
1035 3277 65 35 the

172 3335 145 52 faculty
324 3346 87 27 sees
420 3348 55 24 no
485 3346 142 25 reason
636 3335 82 35 that
729 3346 80 38 you
820 3335 121 35 won't
951 3335 49 35 be
1011 3345 66 25 con-

170 3392 157 38 sidered
343 3392 60 38 for

444 3447 169 50 Picking
628 3447 202 36 Priorities

230 3504 214 39 Academic
455 3504 274 50 departments
742 3504 115 36 differ
871 3506 39 33 in
924 3504 98 35 their
1035 3515 44 38 ap-

172 3561 189 52 proaches
370 3565 41 33 to
420 3561 65 38 the
496 3565 169 31 contract
676 3561 176 36 renewal.
865 3561 41 35 In
917 3561 159 35 Econom-

173 3620 65 41 ics,
255 3617 61 39 for
332 3619 183 41 instance,
534 3617 65 36 the
619 3617 244 47 department
882 3616 110 41 chair,
1011 3628 91 24 now

173 3674 113 38 filled
307 3674 55 50 by
386 3674 208 36 Professor
613 3674 28 44 J.
665 3674 157 35 Vernon
846 3672 257 43 Henderson,

173 3729 164 41 chooses
356 3742 22 25 a
397 3732 225 35 committee
641 3729 44 36 of
702 3729 216 49 professors
939 3729 164 35 familiar

173 3786 96 38 with
280 3786 66 39 the
356 3786 178 49 subject's
545 3787 93 35 field
650 3786 44 36 of
704 3786 121 49 study.
838 3786 79 36 The
929 3787 150 35 commit-

175 3847 60 35 tee
249 3844 162 36 reviews
490 3843 176 47 person's
683 3841 181 43 research,
883 3841 65 36 the
964 3852 139 38 papers

1151 546 154 49 they've
1324 548 156 33 written
1501 545 77 36 and
1838 543 235 36 Henderson

1151 605 93 43 said,
1265 603 132 36 makes
1417 614 20 25 a
1458 602 353 38 recommendation
1831 602 58 36 for
1907 605 165 33 contract

1151 660 165 36 renewal
1329 665 39 31 to
1383 660 63 35 the
1458 658 197 36 collection
1669 658 41 36 of
1723 658 63 35 the
1798 657 274 50 department's

1151 718 156 35 tenured
1321 717 142 49 faculty.
1474 717 77 36 The
1561 717 66 35 full
1638 717 239 47 department
1887 715 115 36 sends
2011 715 63 36 the

1151 773 165 36 renewal
1331 778 38 31 to
1384 773 63 36 the
1460 773 317 36 administration.

1211 830 228 50 Regardless
1455 830 43 36 of
1510 830 65 35 the
1589 830 249 49 department
1852 839 43 25 or
1909 828 65 36 the
1987 839 66 38 spe-

1151 888 85 36 cific
1252 899 169 38 process,
1436 899 76 24 one
1526 887 112 49 thing
1652 888 169 33 remains
1836 890 176 31 constant

1153 945 180 50 teaching
1346 950 252 44 competence
1613 943 109 35 takes
1735 954 20 24 a
1770 943 181 35 backseat
1965 946 39 31 to
2020 954 36 24 re-

1153 1003 134 36 search
1301 1002 241 49 proficiency.

1211 1060 85 36 "It's
1307 1058 96 36 hard
1416 1058 57 36 for
1483 1057 143 50 faculty
1638 1063 39 30 to
1688 1057 52 36 do
1751 1057 225 49 everything
1986 1057 88 35 well

1153 1121 38 31 at
1209 1117 63 36 the
1291 1128 109 25 same
1419 1118 102 39 time,
1542 1120 36 31 at
1597 1115 96 36 least
1709 1113 120 38 when
1846 1113 91 49 they
1954 1126 65 24 are
2036 1115 39 35 in

1153 1175 68 36 the
1241 1176 241 46 acquisition
1507 1178 121 44 stage,
1650 1172 121 36 when
1794 1172 94 49 they
1910 1183 65 25 are
1997 1170 79 36 still

1380 1230 132 49 Shepp
1526 1230 96 35 said.
1709 1230 31 35 is
1753 1239 96 38 very
1865 1230 211 47 important

1154 1288 61 38 for
1238 1301 20 24 a
1282 1301 140 36 young
1444 1287 150 49 faculty
1619 1287 180 36 member
1820 1291 41 30 to
1883 1285 192 36 establish

1154 1343 192 50 scholarly
1364 1348 195 31 ventures.
1576 1343 30 35 It
1624 1345 31 33 is
1672 1343 224 47 something
1915 1343 90 47 they
2022 1353 36 25 re-

1154 1403 77 49 ally
1246 1406 142 33 cannot
1403 1405 145 46 ignore.
1564 1402 65 35 On
1643 1400 65 36 the
1721 1400 110 36 other
1847 1398 117 43 hand,
1980 1398 96 36 their

1156 1458 175 50 teaching
1342 1469 69 24 can
1422 1457 170 50 struggle
1603 1457 113 49 along
1728 1468 107 24 more
1844 1468 44 24 or
1898 1457 72 35 less
1981 1455 94 36 until

1156 1517 90 49 they
1255 1517 102 36 have
1369 1526 109 27 some
1488 1517 170 47 security.
1671 1513 88 36 This
1772 1517 31 33 is
1814 1513 115 49 likely
1940 1518 38 31 to
1991 1526 65 24 con-

1156 1576 109 33 tinue
1277 1572 98 38 until
1387 1572 65 36 the
1465 1572 225 49 University
1702 1570 186 50 provides
1901 1581 110 25 some
2024 1581 52 24 re-

1169 3405 157 25 sources
1342 3392 61 36 for
1417 3392 65 36 the
1496 3394 290 46 improvement
1800 3391 41 36 of

1228 3449 134 50 Shepp
1386 3461 74 24 can
1482 3447 200 36 delineate
1707 3460 19 24 a
1750 3447 65 36 list
1836 3447 43 35 of
1899 3447 194 49 potential

1170 3506 184 36 methods
1376 3510 39 31 to
1436 3506 109 36 solve
1567 3504 76 36 this
1663 3504 189 49 problem.
1984 3502 110 36 don't

1170 3562 54 36 do
1235 3562 159 49 enough
1405 3573 93 38 peer
1509 3562 142 35 review
1663 3561 43 36 of
1940 3561 47 35 he
1998 3561 96 43 said,

1172 3619 151 49 adding
1342 3619 82 35 that
1769 3628 137 24 means
1924 3619 146 33 examin-

1172 3677 66 47 ing
1252 3674 99 38 such
1365 3674 131 50 things
1512 3687 39 24 as
1567 3674 150 49 syllabi,
1732 3674 162 49 reading
1909 3674 94 43 lists,
2019 3674 76 35 and

1172 3743 49 24 an
1233 3732 169 47 analysis
1413 3731 43 36 of
1463 3731 131 36 where
1603 3743 20 22 a
1636 3742 135 24 course
1784 3729 132 36 stands
1929 3732 39 31 in
1978 3735 98 30 struc-

1172 3794 83 30 ture
1268 3787 43 36 of
1321 3787 249 43 curriculum,
1584 3792 68 30 not
1661 3787 77 47 just
1751 3787 213 35 classroom
1975 3787 120 35 visits.

1230 3844 161 41 Second,
1403 3844 129 47 Shepp
1543 3843 209 49 suggested
1765 3841 183 50 fostering
1959 3841 63 36 the
2031 3841 63 36 de-

2140 543 228 49 velopment
2381 543 43 35 of
2433 543 181 50 teaching
2624 543 206 50 portfolios
2901 543 170 36 dossiers

2142 603 41 33 in
2203 600 134 36 which
2359 600 150 49 faculty
2529 600 175 49 compile
2726 600 102 38 their
2849 600 161 38 records
3030 600 43 36 of

2142 657 192 49 teaching.
2357 657 137 44 These,
2515 657 134 50 Shepp
2672 657 98 44 said,
2879 657 194 50 principle

2142 713 117 36 could
2274 715 49 35 be
2337 713 148 36 treated
2499 713 66 38 the
2578 726 110 25 same
2701 726 91 38 way
2805 713 195 49 scholarly
3013 726 41 24 as-

2142 775 192 31 sessment
2345 772 41 35 is.
2400 770 31 35 If
2439 770 180 50 teaching
2628 770 203 50 portfolios
2841 781 104 25 were
2956 770 98 36 avail-

2142 828 98 43 able,
2255 828 110 36 these
2376 828 120 36 could
2507 828 52 36 be
2570 833 87 31 sent
2671 833 39 31 to
2723 827 173 38 external
2909 827 164 38 referees

2142 883 94 36 who
2250 883 120 36 could
2386 883 169 50 provide
2569 896 52 24 an
2636 888 239 33 assessment
2890 882 44 38 of
2945 882 107 38 teach-

2143 943 77 47 ing.
2231 942 128 36 When
2370 942 82 36 that
2463 942 180 50 happens
2655 943 13 35 I
2682 942 110 36 think
2803 940 180 50 teaching
2992 940 80 38 will

2143 998 88 36 take
2247 1011 54 24 on
2318 1011 20 24 a
2357 1009 107 25 more
2482 1000 217 47 important
2715 998 79 36 role
2811 1000 39 35 in
2868 997 66 38 the
2950 997 102 38 deter-

2143 1057 194 35 mination
2351 1057 43 35 of
2406 1060 137 31 tenure
2559 1057 79 35 and

2203 1112 131 50 Shepp
2351 1112 85 38 said
2452 1112 107 38 there
2575 1115 31 35 is
2620 1124 54 25 no
2688 1110 202 39 timetable
2902 1110 60 38 for
2976 1110 96 38 such

2143 1172 265 35 innovations.
2427 1170 216 50 Anything,
2663 1172 28 35 it
2709 1181 140 31 seems,
2868 1170 139 36 would
3024 1170 50 36 be

2145 1239 49 25 an
2211 1230 301 46 improvement.
2636 1228 121 36 aren't
2773 1239 41 25 as
2830 1225 109 50 good
2954 1238 43 25 as
3011 1238 63 25 we

2143 1283 102 38 need
2268 1290 39 30 to
2326 1283 50 36 be
2397 1285 41 35 in
2457 1296 74 24 our
2551 1283 225 38 evaluation
2795 1283 43 36 of

2145 1342 131 49 Shepp
2290 1340 200 38 admitted.
2602 1342 110 36 don't
2721 1353 99 25 even
2830 1340 101 36 have
2942 1353 20 24 a
2973 1343 82 35 stan-

2146 1398 191 36 dardized
2356 1397 181 50 teaching
2551 1398 228 36 evaluation
2951 1397 123 50 Many

2146 1455 283 49 departments,
2447 1455 52 36 he
2517 1455 146 43 added,
2682 1455 82 49 rely
2783 1454 124 50 solely
2924 1465 54 27 on
2995 1457 60 35 stu-

2146 1512 128 38 dents'
2290 1512 260 36 evaluations'
2565 1512 44 36 of
2620 1512 184 38 teachers.

2205 1570 315 47 Improvements
2542 1581 63 24 are
2625 1580 213 38 necessary.
3013 1580 61 25 we

2161 3389 55 36 do
2230 3389 112 36 those
2356 3389 117 36 kinds
2485 3389 43 38 of
2540 3389 142 50 things,
2698 3392 27 35 it
2737 3389 82 36 will
2830 3389 50 36 be
2893 3389 143 36 harder
3047 3394 41 31 to

2161 3450 76 46 put
2257 3447 184 49 teaching
2461 3447 220 36 excellence
2702 3458 54 25 on
2776 3458 22 24 a
2819 3457 72 39 par
2912 3446 99 36 with
3031 3457 38 25 re-

2162 3502 135 36 search

2220 3561 80 35 The
2323 3564 135 31 tenure
2477 3572 170 38 process,
2668 3561 134 35 which
2820 3557 187 52 typically
3027 3570 41 25 oc-

2162 3628 90 24 curs
2265 3619 41 33 in
2317 3616 66 36 the
2394 3617 246 36 instructor's
2652 3616 101 36 sixth
2765 3628 44 24 or
2820 3614 167 38 seventh
2997 3627 93 38 year

2164 3677 39 31 at
2217 3674 151 41 Brown,
2386 3674 31 35 is
2431 3672 189 50 similarly
2635 3672 198 50 strangled
2847 3672 54 50 by
2917 3672 173 36 Brown's

2164 3729 178 49 inability
2356 3734 38 30 to
2408 3729 186 36 establish
2606 3731 250 47 appropriate
2871 3731 146 47 ratings
3030 3728 60 38 for

2165 3786 186 49 teaching.

2403 3843 31 35 is
2446 3841 117 50 really
2572 3854 20 24 a
2603 3847 99 31 term
2712 3841 43 38 of
2762 3841 238 50 guaranteed
3011 3852 79 25 em-

1334 1748 317 93 Great
1688 1737 523 123 Teachers,
2261 1745 162 94 No
2465 1745 435 94 Tenure?

1225 1943 231 52 Generally,
1472 1945 157 39 Brown
1644 1942 198 41 students
1857 1953 74 28 are
1945 1940 76 54 left
2035 1943 46 38 in
2099 1940 71 41 the
2183 1940 112 41 dark
2307 1953 52 27 as
2375 1946 44 33 to
2435 1939 72 43 the
2520 1942 340 39 circumstances
2874 1939 55 54 of
2932 1951 28 28 a

1224 2008 244 55 professor’s
1482 2008 244 52 departure,
1743 2005 230 54 especially
1989 2005 128 43 when
2134 2006 35 39 it
2180 2016 209 30 concerns
2406 2011 159 35 tenure.
2580 2006 88 39 But
2682 2006 46 39 in
2745 2011 145 35 recent
2899 2016 131 41 years,

1227 2082 85 33 two
1326 2072 195 54 popular
1534 2071 246 55 professors’
1792 2079 150 33 tenure
1957 2069 120 43 trials
2096 2082 107 28 were
2217 2068 194 55 brought
2422 2076 82 35 out
2517 2071 94 39 into
2628 2069 72 41 the
2715 2082 124 41 open,

1224 2139 214 52 sparking
1458 2139 285 52 questioning
1756 2135 54 54 of
1816 2143 150 35 tenure
1978 2137 228 50 priorities.

1238 2965 145 41 1992:
1413 2967 203 38 Assistant
1643 2962 208 43 Professor
1876 2961 46 44 of
1948 2961 142 44 Public

1239 3030 139 54 Policy
1398 3028 181 43 Michael
1605 3028 96 41 Rich
1724 3030 30 39 is
1773 3027 153 43 denied
1946 3035 143 33 tenure

1238 3091 54 57 by
1317 3091 69 43 the
1416 3091 181 43 Political
1627 3093 176 39 Science
1830 3090 261 54 department

1239 3156 106 41 after
1376 3156 132 55 being
1539 3154 181 55 granted
1751 3162 153 33 tenure
1934 3153 55 55 by
2017 3153 74 43 the

1239 3220 143 54 public
1403 3220 139 54 policy
1561 3219 272 55 department.

2159 2961 140 41 1993:
2315 2961 194 39 Assistant
2521 2959 200 43 Professor
2732 2959 44 43 of
2791 2961 238 39 Economics

2159 3025 183 41 Gilbert
2387 3024 222 43 Skillman
2661 3024 156 43 leaves
2868 3027 161 38 Brown

2159 3087 227 57 allegedly
2416 3087 197 43 because
2644 3087 55 43 he
2728 3101 93 27 was
2849 3085 93 43 told
2976 3085 52 41 he

2159 3148 145 41 would
2324 3156 71 33 not
2414 3153 162 38 receive
2594 3156 157 35 tenure.

1628 3923 80 72 2
