3126 4141
175 28 923 236 Creating
1156 87 128 134 a
1342 28 1471 192 Conversation

165 296 156 55 How
340 312 120 39 can
480 312 36 38 a
535 293 342 72 university
898 290 504 58 administration
1422 291 277 71 improve
1723 287 318 76 teaching?
2063 291 181 54 Dean
2263 287 71 58 of
2350 287 106 58 the
2479 287 250 76 College
2750 285 293 60 Kenneth

167 383 191 61 Sacks
380 383 280 76 explains
680 383 109 57 the
809 381 129 58 role
959 381 69 57 of
1044 383 263 72 positive
1329 380 483 57 reinforcement
1924 378 128 57 and
2071 378 145 57 how
2235 378 288 57 research
2543 378 334 66 demands,

165 493 288 41 resource
474 472 387 68 limitations,
887 471 128 60 and
1035 480 219 49 tenure
1277 488 306 41 concerns
1606 479 98 47 act
1724 487 68 41 as
1814 469 309 57 obstacles
2146 479 63 47 to
2235 469 328 74 achieving
2583 469 106 57 the
2713 468 265 76 optimal

167 565 293 74 teaching
480 565 460 58 environment.
959 565 96 54 An
1074 564 321 55 interview
1409 561 150 57 with
1575 561 271 57 Andrew
1863 559 304 58 Schulkin
2189 559 128 58 and
2337 559 279 58 Michael
2636 559 263 58 Palmer.

167 690 52 44 Q.
246 690 80 36 You
353 698 110 27 were
491 687 39 36 in
557 685 71 38 the
655 685 228 38 classroom
912 683 96 50 only
1035 685 58 36 six

167 743 162 39 months
353 756 93 38 ago.
471 742 120 41 What
616 756 109 25 were
750 754 102 38 your
877 740 112 52 goals
1014 740 79 39 and

167 800 312 52 methodologies
494 811 43 27 as
553 811 22 27 a
591 800 183 38 teacher?

167 861 46 35 A.
227 860 71 50 My
307 858 260 49 overarching
576 857 293 39 consideration
879 868 85 25 was
975 861 41 31 to
1027 855 46 38 de-

167 918 164 36 termine
340 915 109 38 what
458 915 14 36 I
485 913 68 38 felt
562 926 85 25 was
658 913 220 50 absolutely
888 924 206 38 necessary

167 973 60 36 for
236 973 180 36 students
427 976 39 33 to
477 972 107 38 learn
594 975 43 35 in
646 972 66 38 the
723 983 146 25 course:
880 983 55 25 on
945 970 65 36 the
1019 981 76 25 one

167 1030 121 43 hand,
302 1035 39 31 to
357 1028 115 38 make
488 1028 109 38 them
611 1027 77 38 feel
702 1027 82 38 that
800 1027 91 50 they
906 1031 69 46 got
987 1027 107 36 what

167 1087 93 50 they
277 1087 170 50 thought
463 1087 94 49 they
575 1096 106 27 were
698 1087 123 49 going
836 1090 41 31 to
896 1088 63 46 get
976 1083 118 38 when

167 1143 94 50 they
279 1143 140 49 signed
438 1154 57 38 up
515 1142 60 38 for
592 1142 68 38 the
677 1154 151 30 course,
847 1140 93 44 and,
957 1153 55 25 on
1030 1140 65 36 the

167 1200 113 38 other
290 1200 121 44 hand,
425 1205 41 31 to
480 1200 87 36 find
578 1211 112 38 ways
704 1203 41 31 to
757 1198 117 36 make
887 1198 83 36 that
983 1200 94 35 inter-

169 1260 128 47 esting
310 1261 39 33 to
365 1257 183 38 students
564 1255 80 38 and
660 1261 41 31 to
715 1255 93 50 help
825 1257 28 35 it
868 1254 164 38 address
1047 1255 31 36 is-

169 1326 91 27 sues
271 1313 83 38 that
367 1313 183 38 students
562 1313 74 36 feel
649 1324 66 25 are
726 1312 211 50 especially
948 1312 129 50 signifi-

169 1375 98 31 cant.

227 1428 79 38 The
321 1427 203 52 challenge
540 1430 41 35 in
594 1427 184 50 teaching
792 1428 156 35 ancient

169 1485 129 38 Greek
310 1485 153 50 history
479 1487 31 36 is
528 1488 39 35 to
584 1483 117 38 make
717 1487 28 35 it
761 1483 186 43 relevant,

170 1542 101 39 alive
287 1548 41 31 to
342 1542 194 38 students.
554 1542 13 36 I
584 1540 80 38 had
682 1546 82 31 two
780 1553 44 25 or
839 1540 109 38 three

170 1600 167 36 lectures
357 1611 55 25 on
433 1598 161 52 gender,
616 1598 134 36 which
772 1609 83 25 was
877 1602 72 33 not

170 1669 93 38 easy
280 1661 41 33 to
337 1661 74 46 put
427 1655 181 50 together
625 1658 39 35 in
683 1668 22 25 a
723 1655 225 38 traditional

170 1726 99 39 way,
293 1724 44 28 as
359 1713 184 36 material
567 1713 107 36 from
698 1713 68 35 the
787 1713 162 35 ancient

170 1770 128 39 world
313 1773 33 35 is
361 1770 145 38 almost
518 1769 241 50 exclusively
775 1769 173 38 directed

172 1827 151 38 toward
332 1827 224 50 describing
565 1827 132 36 males.
710 1827 14 36 I
735 1827 80 36 had
827 1830 41 31 to
879 1836 71 25 use

172 1885 220 38 somewhat
405 1883 255 39 unorthodox
671 1896 112 38 ways
795 1883 44 38 of
849 1888 82 33 teas-

172 1943 68 49 ing
249 1946 71 33 out
329 1940 66 39 the
405 1940 191 38 evidence
606 1953 47 25 so
663 1940 83 38 that
756 1951 63 25 we
828 1940 120 36 could

172 2003 65 47 get
252 2011 20 25 a
288 1998 72 38 fair
375 2000 312 49 representation
701 1997 43 38 of
757 1997 66 38 the
838 1997 112 50 place

172 2055 44 38 of
220 2068 159 25 women
389 2057 41 35 in
438 2054 66 38 the
515 2057 151 35 ancient
674 2054 128 38 Greek
809 2054 139 38 world.

173 2113 13 36 I
202 2113 69 38 did
288 2113 79 36 this
380 2113 101 36 with
494 2113 113 36 other
622 2123 151 39 groups
789 2123 43 25 as
846 2112 104 44 well,

173 2172 41 36 in
231 2183 22 25 a
271 2183 93 38 way
383 2169 82 39 that
483 2169 69 38 felt
572 2169 60 38 for
652 2181 65 25 me
735 2169 195 38 intellectu-

175 2227 76 52 ally
269 2228 192 50 rigorous,
480 2227 80 36 and
583 2231 38 31 at
639 2227 66 36 the
728 2238 109 25 same
855 2227 94 35 time

173 2283 117 38 made
299 2283 68 38 the
375 2283 94 38 field
480 2296 113 25 come
605 2282 110 38 alive.
729 2283 50 36 So
789 2294 69 38 my
868 2282 83 38 first

175 2340 88 52 goal
277 2353 83 25 was
376 2345 43 33 to
433 2340 99 50 keep
550 2340 68 36 the
631 2331 298 60 materialrepre-

175 2400 191 35 sentative
376 2397 44 38 of
430 2397 68 38 the
510 2398 154 36 ancient
676 2395 131 38 world
819 2395 80 38 and
913 2400 38 33 at

175 2454 65 36 the
250 2465 107 25 same
370 2455 93 35 time
477 2452 142 52 appeal
630 2454 41 35 in
683 2463 22 27 a
715 2463 94 41 way
819 2457 41 33 to
871 2457 60 31 stu-

175 2510 115 38 dents
307 2523 46 25 so
372 2510 83 38 that
472 2510 94 50 they
584 2510 140 38 would
743 2509 87 38 find
850 2512 28 35 it
896 2521 38 25 re-

173 2567 181 50 warding
369 2567 79 38 and
463 2567 112 38 alive.

233 2625 71 49 My
317 2624 150 38 second
480 2624 91 49 goal
584 2635 87 27 was
685 2627 41 35 to
740 2624 87 38 find
841 2635 112 38 ways

175 2687 43 31 to
227 2683 90 47 give
329 2680 65 38 the
406 2682 154 36 ancient
572 2679 178 39 material
761 2691 112 25 some
885 2691 46 25 au-

175 2737 146 50 thority
339 2737 54 50 by
411 2740 121 47 using
551 2737 143 38 almost
713 2735 241 50 exclusively

175 2797 175 47 primary
370 2806 162 25 sources
551 2792 82 39 and
652 2794 184 50 working
854 2792 101 38 with

176 2850 66 38 the
261 2861 157 27 sources
439 2852 41 35 in
502 2861 50 25 an
573 2850 203 36 inductive
795 2861 98 38 way,
913 2854 41 33 to

178 2913 148 44 respect
340 2907 66 38 the
417 2907 139 38 values
569 2907 44 38 of
624 2907 66 38 the
702 2906 145 52 people
860 2906 96 38 who

176 2969 123 33 wrote
313 2964 113 36 those
439 2964 238 36 documents
693 2964 79 36 and
786 2962 170 44 records,

180 3020 79 39 and
271 3027 39 31 at
323 3020 66 38 the
402 3033 110 25 same
524 3024 96 35 time
631 3020 154 49 hoping
798 3019 83 38 that
893 3031 74 30 we,
983 3031 43 25 as
1039 3019 50 36 fel-

180 3079 77 36 low
268 3079 173 36 teachers
454 3077 79 38 and
543 3077 195 44 students,
750 3077 118 36 could
879 3076 107 38 learn
995 3087 112 39 ways

180 3140 41 33 to
233 3137 181 36 examine
427 3134 110 38 them
550 3134 191 49 critically.

236 3192 38 36 A
285 3192 104 36 third
403 3191 189 50 objective
606 3202 85 25 was
706 3195 43 31 to
761 3189 169 50 identify
943 3191 165 49 projects

181 3247 77 39 and
268 3261 110 36 ways
389 3247 44 38 of
439 3247 178 50 learning
627 3247 83 38 that
718 3247 180 38 students
910 3246 83 38 find
1006 3250 102 33 most

181 3306 227 49 interesting
479 3309 41 31 to
532 3306 249 47 incorporate
792 3304 110 36 them
915 3313 43 27 as
969 3307 87 46 part
1068 3302 44 38 of

181 3361 65 38 the
263 3373 151 30 course,
433 3372 46 27 so
496 3361 85 36 that
598 3359 183 38 students
800 3359 118 38 could
939 3359 54 38 do
1009 3361 80 35 vari-

181 3428 72 25 ous
263 3417 129 50 things
402 3428 44 25 as
455 3428 22 25 a
487 3417 153 49 project.
650 3417 184 36 Students
844 3420 71 46 put
924 3427 54 25 on
987 3416 121 50 plays,

183 3472 236 50 developed
443 3472 269 38 simulations
806 3472 99 50 they
929 3472 181 49 actually

183 3529 162 36 worked
361 3531 43 35 in
419 3529 96 50 high
532 3529 156 36 schools
706 3529 79 36 and
802 3529 139 49 taught
957 3531 153 35 ancient

183 3586 128 38 Greek
323 3586 154 49 history.

184 3643 50 44 Q.
254 3644 39 35 In
307 3639 146 52 talking
469 3644 43 35 to
529 3639 176 39 students
723 3639 77 39 and
819 3639 217 50 professors
1050 3639 61 38 for

183 3696 74 39 this
271 3698 113 44 issue,
398 3699 124 36 we've
534 3696 124 39 found
671 3696 113 39 there
797 3696 30 38 is
839 3696 272 38 considerable

184 3753 183 49 diversity
392 3754 36 36 in
454 3753 178 49 people's
655 3753 263 49 conceptions
943 3753 43 38 of
1008 3751 104 39 what

184 3809 104 50 good
301 3809 183 50 teaching
499 3809 43 38 is.
557 3809 117 38 What
688 3809 55 38 do
757 3820 76 38 you
850 3809 181 38 consider
1046 3809 68 36 the

184 3865 180 49 qualities
378 3865 85 38 that
479 3865 113 38 make
608 3877 22 25 a
647 3865 104 49 good
767 3865 183 38 teacher?

1161 683 46 35 A.
1225 683 35 35 A
1276 682 107 49 good
1402 682 153 36 teacher
1573 683 30 33 is
1622 680 219 50 somebody
1858 680 93 36 who
1969 680 113 50 helps

1161 740 117 36 make
1299 751 20 24 a
1340 740 164 35 student
1524 751 20 24 a
1567 739 106 49 good
1696 740 170 35 student.
1890 740 54 47 By
1965 739 82 36 that
2069 740 13 33 I

1161 809 118 24 mean
1293 795 65 38 the
1375 795 153 36 teacher
1545 798 30 33 is
1592 808 104 36 open
1712 795 79 36 and
1806 795 140 49 clearly
1962 797 120 33 invite

1161 852 178 38 students
1350 858 39 30 to
1400 852 85 36 take
1496 852 106 43 risks,
1614 852 135 49 clearly
1759 854 137 33 invites
1906 852 176 35 students

1162 915 39 31 to
1219 912 299 39 communicate,
1534 909 140 49 clearly
1691 910 139 35 invites
1847 909 180 36 students
2044 913 38 30 to

1162 978 151 39 engage
1326 969 41 33 in
1378 969 283 41 conversation,
1676 965 150 44 debate,
1839 965 77 36 and
1932 965 150 35 mutual

1162 1024 254 50 exploration.

1235 1082 52 35 At
1304 1080 65 36 the
1387 1080 98 36 level
1504 1093 61 24 we
1584 1093 61 24 are
1663 1085 36 30 at
1718 1080 140 35 Brown
1876 1079 131 36 where
2024 1091 60 24 we

1162 1139 106 36 have
1290 1137 268 49 outstanding
1581 1137 246 36 researchers
1850 1137 80 36 and
1953 1135 131 38 world

1164 1195 98 36 class
1274 1194 194 43 students,
1480 1206 61 24 we
1554 1194 143 36 should
1710 1194 47 36 be
1772 1195 156 49 putting
1940 1192 143 50 faculty

1164 1252 80 36 and
1265 1252 184 35 students
1471 1250 176 50 together
1669 1255 36 31 at
1728 1250 65 36 the
1813 1252 169 35 creative
2002 1261 55 25 mo-

1164 1313 117 33 ment:
1294 1309 82 36 find
1389 1310 198 35 occasions
1598 1307 129 38 which
1739 1307 142 50 faculty
1893 1307 191 36 members

1164 1378 72 24 can
1250 1378 151 35 convey
1417 1365 80 35 that
1513 1376 113 24 sense
1639 1365 41 35 of
1694 1365 239 47 risk-taking,
1950 1365 134 47 imagi-

1173 3019 146 41 nation,
1335 3017 79 35 and
1427 3016 96 36 bold
1537 3016 109 49 leaps
1658 3016 131 36 which
1803 3017 31 35 is
1849 3016 194 36 reflective
2055 3014 43 38 of

1175 3074 65 36 the
1252 3085 90 38 way
1356 3072 91 50 they
1463 3072 197 50 approach
1672 3072 98 36 their
1784 3071 183 38 research.
1983 3071 115 36 What

1175 3131 120 36 we're
1315 3135 69 30 not
1406 3131 126 47 doing
1553 3131 31 35 is
1606 3131 104 35 force
1732 3129 159 49 feeding
1915 3129 107 43 facts,
2046 3129 35 36 al-

1175 3186 154 50 though
1345 3186 107 36 there
1469 3197 63 25 are
1550 3187 118 47 going
1683 3191 39 31 to
1739 3186 47 36 be
1803 3197 157 25 courses
1976 3197 44 24 or
2036 3197 41 24 oc-

1175 3246 156 35 casions
1345 3244 142 35 within
1501 3254 159 25 courses
1674 3243 132 36 where
1822 3243 146 49 having
1984 3254 20 25 a
2022 3243 57 36 fac-

1176 3299 80 38 tual
1272 3312 44 24 or
1332 3299 189 36 technical
1539 3299 101 36 basis
1655 3299 60 35 for
1729 3299 243 49 exploration
1986 3301 33 33 is
2035 3298 43 36 ab-

1176 3357 169 49 solutely
1361 3356 194 36 essential.
1570 3356 79 36 The
1663 3356 85 36 best
1764 3359 83 46 part
1863 3356 43 36 of
1920 3356 180 49 teaching

1176 3416 33 35 is
1220 3413 134 36 where
1367 3425 79 36 you
1460 3413 101 36 have
1573 3413 65 36 the
1649 3413 104 36 basis
1767 3414 39 33 in
1819 3411 74 36 fact
1906 3411 79 36 and
1997 3411 82 36 tech-

1176 3472 121 47 nique
1309 3469 79 36 and
1402 3469 290 49 methodology,
1706 3469 79 36 and
1795 3480 80 38 you
1888 3480 61 24 are
1964 3468 85 38 able
2060 3472 41 33 to

1178 3539 50 36 go
1244 3526 102 36 from
1359 3526 109 35 there
1482 3531 39 30 to
1535 3524 157 50 explore
1706 3537 112 24 some
1830 3537 88 22 new
1934 3535 98 24 area.

1178 3583 50 44 Q.
1258 3583 99 35 How
1384 3581 98 36 does
1506 3580 87 38 that
1616 3581 104 49 good
1745 3580 162 38 teacher
1932 3580 169 38 balance

1178 3636 183 50 teaching
1376 3636 93 38 with
1488 3636 198 38 research?

1178 3696 47 35 A.
1236 3696 79 35 The
1324 3696 106 35 basic
1443 3694 139 36 debate
1592 3694 117 36 about
1720 3694 178 49 teaching
1907 3696 39 33 in
1967 3694 134 47 higher

1180 3751 211 36 education
1411 3753 33 33 is
1465 3750 65 36 the
1550 3750 159 36 balance
1728 3751 180 35 between
1928 3750 173 36 research

1181 3808 77 36 and
1279 3808 191 47 teaching.
1488 3808 13 35 I
1521 3808 110 36 don't
1647 3808 150 36 believe
1816 3809 39 33 in
1872 3808 76 35 this
1967 3808 134 35 notion

1180 3863 43 38 of
1236 3863 175 43 balance,
1431 3863 77 36 and
1529 3863 124 36 here's
1671 3863 104 47 why:
1795 3863 13 35 I
1827 3861 112 36 think
1956 3861 145 49 profes-

2140 696 85 24 sors
2239 696 50 36 go
2306 687 82 33 into
2402 683 66 36 the
2480 683 225 49 profession
2717 683 170 36 because
2901 683 91 47 they
3006 682 65 38 fall

2142 742 41 33 in
2194 740 90 36 love
2294 740 98 36 with
2405 740 249 49 knowledge.
2668 740 80 36 The
2761 740 85 35 first
2857 740 112 49 thing
2980 740 93 49 they

2142 798 170 47 thought
2324 797 43 38 of
2378 809 85 25 was
2476 802 71 33 not
2611 802 109 31 want
2734 802 41 31 to
2787 797 49 36 be
2852 809 19 24 a

2142 855 27 35 it
2183 866 94 30 was,
2346 854 90 36 love
2449 854 76 36 this
2540 852 107 44 field,
2663 854 13 35 I
2688 858 109 31 want
2809 858 43 30 to
2865 852 128 50 spend
3008 852 63 36 the

2143 915 76 33 rest
2233 912 43 36 of
2290 923 68 36 my
2373 910 66 38 life
2454 913 41 33 in
2509 912 77 36 this
2750 912 96 35 First
2860 910 43 36 of
2915 910 61 43 all,
2992 923 80 36 you

2142 969 102 35 can't
2257 967 66 36 tell
2337 967 143 50 people
2493 967 96 36 who
2602 980 65 24 are
2680 967 88 36 love
2784 969 39 33 in
2836 965 98 36 with
2946 978 101 24 some-

2143 1025 110 49 thing
2272 1030 41 31 to
2332 1028 88 46 stop
2441 1025 118 49 being
2580 1027 39 35 in
2638 1025 90 36 love
2746 1024 99 38 with
2863 1027 39 41 it,
2923 1024 77 38 and
3019 1024 54 36 do

2143 1080 224 50 something
2378 1080 161 50 slightly
2550 1080 192 38 different.
2756 1080 115 36 What
2880 1093 82 38 you
2973 1080 99 36 have

2143 1143 41 31 to
2198 1140 54 35 do
2265 1140 33 35 is
2312 1151 52 38 go
2375 1140 98 35 with
2488 1140 65 35 the
2567 1139 208 50 strengths:
2792 1139 280 49 acknowledge

2145 1195 66 36 the
2236 1195 79 36 fact
2339 1195 85 36 that
2447 1195 187 36 research
2657 1195 82 36 and
2764 1197 246 47 acquisition
3031 1194 46 38 of

2145 1252 246 50 knowledge
2413 1255 33 33 is
2469 1252 68 36 the
2559 1265 146 24 reason
2728 1252 98 50 why
2846 1252 228 50 professors

2143 1313 104 33 went
2258 1312 82 35 into
2350 1309 63 38 the
2425 1309 90 38 field
2528 1309 79 38 and
2619 1312 30 35 is
2661 1309 63 38 the
2735 1321 135 24 reason
2880 1309 94 49 why
2984 1309 90 49 they

2145 1380 65 24 are
2227 1380 44 24 so
2291 1365 304 50 distinguished.
2617 1365 120 44 Then,
2757 1365 153 38 instead
2931 1365 43 36 of
2989 1378 83 38 say-

2312 1427 66 46 ing
2391 1424 83 36 let's
2488 1424 143 36 balance
2654 1435 44 25 or
2710 1424 83 36 let's
2808 1424 173 49 integrate
2992 1422 83 38 that

2310 1480 99 36 with
2424 1480 183 50 teaching
2685 1480 131 36 which
2833 1493 65 24 are
2913 1480 65 36 the
2994 1485 80 31 two

2310 1539 137 36 words
2469 1539 83 36 that
2575 1550 66 25 are
2663 1539 102 36 used
2787 1537 220 49 nationally

2312 1595 85 36 let's
2419 1595 87 36 find
2707 1595 43 36 of

2312 1652 101 36 Let's
2431 1652 85 36 find
2535 1652 135 36 where
2688 1652 220 50 professors
2928 1663 65 24 are
3009 1663 44 24 en-

2313 1710 213 43 thusiastic,
2542 1712 180 41 creative,
2739 1709 77 38 and
2833 1709 241 49 risk-taking,

2313 1772 63 44 get
2391 1765 107 36 them
2510 1767 41 35 in
2564 1767 209 35 situations
2784 1765 98 36 with
2894 1765 180 36 students

2313 1824 79 36 and
2414 1835 225 38 encourage
2663 1824 183 38 students
2868 1827 39 33 to
2928 1824 49 36 be
2998 1835 58 25 cre-

2313 1883 106 35 ative
2444 1880 79 38 and
2550 1880 243 50 risk-taking
2816 1879 257 38 themselves.

2313 1939 99 36 Let's
2436 1939 107 36 learn
2564 1939 104 36 from
2688 1939 96 36 each
2803 1939 112 36 other
2937 1942 38 33 at
2994 1937 83 38 that

2313 1997 112 47 point
2441 1995 41 36 of
2494 2008 279 36 convergence.

2372 2052 69 36 We
2468 2052 109 36 have
2605 2052 91 36 that
2721 2054 288 49 opportunity
3036 2057 41 30 at

2315 2110 150 36 Brown.
2487 2110 66 36 We
2570 2109 102 38 have
2693 2121 22 24 a
2732 2121 104 36 very,
2854 2121 98 36 very
2970 2107 106 50 good

2315 2165 320 52 faculty-student
2646 2169 104 35 ratio.
2762 2167 65 35 We
2836 2165 102 38 have
2950 2165 126 50 things

2315 2224 76 36 like
2409 2224 66 36 the
2494 2224 148 43 UTRA,
2663 2224 184 49 Odyssey
2868 2224 79 36 and
2967 2222 110 38 other

2315 2293 217 38 programs
2557 2280 88 36 that
2671 2280 123 36 allow
2819 2279 192 38 students
3036 2285 41 30 to

2315 2337 112 36 work
2446 2337 98 36 with
2564 2337 220 49 professors
2806 2335 269 49 individually.

2315 2394 80 36 The
2408 2394 145 50 faculty
2565 2406 65 24 are
2643 2394 293 49 extraordinary
2948 2392 128 50 proud

2315 2450 44 36 of
2370 2450 66 36 the
2449 2450 150 49 quality
2611 2450 44 36 of
2666 2450 320 49 undergraduate
2998 2454 60 33 stu-

2317 2507 129 36 dents.
2468 2507 66 36 We
2556 2507 104 36 have
2680 2520 52 24 an
2754 2506 324 52 undergraduate

2317 2564 161 36 student
2488 2564 110 49 body
2609 2564 83 36 that
2704 2565 31 35 is
2748 2564 258 36 self-selected
3019 2564 60 36 for

2315 2620 120 49 being
2454 2620 79 36 risk
2551 2620 140 36 takers.
2713 2622 123 47 Many
2854 2620 44 36 of
2915 2620 66 36 the
3000 2625 60 31 stu-

2318 2677 113 36 dents
2444 2690 110 24 came
2565 2677 91 36 here
2668 2677 169 36 because
2846 2677 43 36 of
2898 2677 66 36 the
2975 2688 106 38 open

2317 2734 249 43 curriculum,
2575 2734 134 36 which
2720 2737 30 35 is
2762 2746 20 24 a
2795 2734 124 49 signal
2932 2734 58 36 for
3002 2739 58 31 stu-

2318 2792 115 35 dents
2450 2795 39 31 to
2506 2792 49 35 be
2570 2791 277 43 self-directed,
2865 2795 41 31 to
2920 2791 49 36 be
2986 2791 76 36 risk-

2318 2847 145 49 taking.
2476 2849 66 35 We
2553 2847 102 36 have
2666 2847 66 36 the
2743 2847 146 49 perfect
2901 2849 157 35 environ-

2320 2909 107 31 ment
2444 2909 39 31 to
2499 2906 187 35 continue
2704 2904 117 49 along
2836 2904 77 36 this
2929 2904 96 49 path
3039 2902 43 38 of

2321 2961 157 49 finding
2501 2962 135 47 points
2658 2961 44 36 of
2721 2972 274 38 convergence
3014 2959 66 36 be-

2154 3022 129 31 tween
2298 3017 176 35 research
2488 3017 79 35 and
2583 3017 192 49 teaching.

2156 3076 49 44 Q.
2224 3076 99 35 How
2335 3085 74 25 can
2422 3072 66 38 the
2506 3076 137 35 Brown
2658 3072 324 46 administration,
2997 3083 63 38 spe-

2157 3129 165 49 cifically
2337 3140 96 38 your
2450 3129 129 46 office,
2598 3129 112 36 make
2724 3140 49 25 an
2791 3131 143 46 impact
2950 3140 52 25 on
3016 3128 66 38 the

2157 3186 213 38 classroom
2387 3186 291 38 environment?

2157 3244 44 35 A.
2217 3244 80 35 The
2312 3244 315 35 administration
2641 3255 72 24 can
2726 3255 224 38 encourage
2961 3243 123 36 better

2157 3301 186 49 teaching
2367 3301 175 49 through
2564 3302 176 47 positive
2764 3299 320 43 reinforcement,

2157 3359 227 47 continuing
2394 3361 41 31 to
2446 3357 277 49 acknowledge
2735 3357 77 35 and
2824 3356 186 36 celebrate
3019 3357 65 35 the

2157 3414 189 36 excellent
2367 3414 175 36 teachers
2562 3427 55 24 on
2636 3425 180 38 campus.
2839 3414 142 36 Brown
3002 3425 61 25 cur-

2157 3469 126 50 rently
2294 3469 71 36 has
2376 3469 181 50 teaching
2567 3469 156 36 awards
2734 3469 60 36 for
2806 3469 145 49 faculty
2964 3482 90 24 mem-

2157 3528 88 35 bers
2318 3528 117 35 that's
2447 3528 187 47 certainly
2646 3539 22 24 a
2680 3531 87 44 step
2783 3529 39 33 in
2835 3526 65 36 the
2913 3526 102 49 right
3027 3526 38 36 di-

2159 3584 156 35 rection.
2332 3583 13 35 I
2361 3583 110 35 think
2487 3594 74 25 one
2575 3583 72 36 has
2663 3587 39 31 to
2715 3583 178 36 broaden
2906 3583 156 36 substan-

2161 3639 106 49 tially
2279 3639 65 36 the
2356 3639 117 36 kinds
2483 3639 43 36 of
2535 3639 392 49 acknowledgments
2940 3639 79 36 and
3031 3652 35 24 re-

2159 3696 139 35 wards
2321 3696 85 35 that
2427 3707 65 24 we
2515 3707 76 24 can
2611 3696 159 35 bestow
2795 3707 115 38 upon
2934 3696 150 49 faculty

2161 3753 208 36 members.
2391 3753 72 35 I'm
2482 3753 181 47 thinking
2683 3753 43 35 of
2745 3764 178 25 summer
2942 3757 142 43 grants.

2162 3809 134 35 UTRA
2304 3809 77 35 and
2392 3809 181 47 Odyssey
2584 3819 61 25 are
2657 3813 39 31 to
2706 3819 110 25 some
2827 3813 128 31 extent
2965 3809 99 35 teach-

2162 3868 66 46 ing
2244 3865 173 36 rewards
2430 3865 170 36 because
2616 3866 27 33 it
2658 3865 137 36 allows
2811 3865 181 36 students
3009 3865 74 36 and

1992 2928 80 27 KATE
2087 2928 161 27 MADDEN

1625 3940 83 71 8
