3126 4141
225 90 63 44 get
306 87 96 35 used
419 88 109 47 quite
543 99 19 22 a
580 87 55 35 bit
650 88 38 33 in
926 88 49 36 he

44 142 96 35 said.
397 143 134 36 before
543 145 91 47 they
646 145 120 47 begin
778 150 39 31 to
830 146 110 35 teach
954 157 19 24 a

44 200 159 39 section,
217 200 47 35 all
277 200 43 35 of
331 211 44 24 us
387 211 96 36 prep
498 200 107 35 them
617 200 77 35 and
709 208 162 41 suggest
882 202 93 35 how

44 254 65 36 the
132 257 153 35 section
306 255 148 36 should
477 257 47 36 be
550 269 72 24 run
646 258 80 35 and
750 258 153 36 outline
926 260 47 35 its

44 312 126 35 stated
189 313 109 33 aims.
318 312 109 36 Once
446 312 99 36 their
562 326 139 24 nerves
721 315 99 35 calm
839 315 134 43 down,

44 367 91 50 they
154 373 65 44 get
236 381 20 24 a
277 369 54 36 lot
350 370 41 36 of
406 375 69 31 out
496 370 41 36 of
554 373 27 33 it
602 372 77 35 and
699 372 83 36 find
803 384 20 24 a
844 373 129 35 useful

43 436 90 38 way
148 425 43 35 of
203 425 176 49 learning
394 425 93 36 how
502 431 39 30 to

101 482 222 49 Although
350 483 186 36 Political
562 485 170 36 Science
757 487 216 35 Professor

44 539 148 35 Darrell
205 539 101 35 West
321 539 96 36 does
431 545 69 30 not
515 540 110 35 teach
639 553 76 36 any
729 543 180 39 sections,
924 542 49 36 he

44 594 96 36 does
165 595 83 36 find
271 598 96 33 time
389 600 39 31 to
452 597 115 36 make
591 608 49 25 an
661 609 249 38 appearance
934 602 39 33 in

43 652 96 35 each
153 652 41 35 of
208 652 58 36 his
283 652 132 36 class's
430 655 169 35 sections
616 666 19 24 a
652 660 192 30 semester.

150 710 198 49 generally
359 712 90 35 visit
461 712 65 35 the
539 713 167 33 sections
720 717 36 30 at
769 712 94 36 least
874 724 98 24 once

43 776 19 24 a
324 767 85 36 said
433 769 110 35 West.
627 781 69 24 use
718 770 82 35 TAs
822 773 39 31 to
882 772 90 46 give

41 822 181 38 students
236 835 109 25 more
357 825 183 47 personal
553 830 162 30 contact.
732 827 41 33 In
786 838 20 24 a
820 827 98 35 class
932 827 39 35 of

41 879 161 36 200-300
216 880 180 36 students
411 883 27 33 it
452 882 137 35 would
603 882 50 36 be
668 883 230 47 impossible
913 883 58 36 for

41 937 96 36 each
157 937 148 49 faculty
328 939 176 35 member
524 943 41 30 to
586 939 169 49 provide
775 940 197 49 adequate

41 1005 191 38 coverage
244 995 38 33 in
294 994 110 36 those
417 997 167 35 sections
597 995 58 36 for
668 995 82 36 that
761 1008 118 36 many
893 1002 58 31 stu-

43 1050 124 36 dents.
183 1052 91 35 And
290 1052 181 35 students
488 1054 90 47 gain
594 1052 101 36 from
710 1054 82 35 TAs
809 1066 17 22 a
844 1054 106 36 diver-

41 1107 76 49 sity
135 1107 43 36 of
192 1110 239 46 viewpoints
515 1113 69 31 not
602 1110 77 47 just
696 1121 77 25 one
792 1112 178 47 person's

39 1165 104 35 view
165 1175 131 25 comes
318 1176 128 24 across
469 1167 38 33 in
529 1165 107 36 class.
660 1167 107 35 Grad
789 1167 181 36 students

41 1219 101 38 have
159 1233 20 24 a
198 1220 71 36 fair
285 1227 165 31 amount
466 1222 43 36 of
523 1225 192 46 expertise
732 1224 238 36 themselves

41 1279 39 33 in
96 1277 65 36 the
176 1277 98 36 class
291 1279 82 35 that
389 1279 90 49 they
496 1291 63 24 are
575 1280 192 49 teaching.
784 1282 184 35 Students

41 1334 76 36 still
132 1334 102 38 have
250 1346 129 25 access
397 1340 39 31 to
454 1348 63 24 me
597 1337 13 35 I
627 1337 101 36 have
745 1339 151 47 regular
915 1339 36 35 of-

41 1391 72 36 fice
124 1391 134 44 hours,
271 1398 58 30 set
342 1392 109 36 aside
463 1395 94 35 time
570 1397 39 33 in
620 1394 112 43 class,
745 1395 132 36 before
890 1395 77 36 and

41 1447 96 38 after
151 1452 41 33 to
206 1460 153 25 answer

96 1506 99 36 And
220 1507 129 35 Wood
376 1510 98 33 tries
502 1512 39 31 to
569 1509 120 36 teach
713 1509 63 36 his
803 1510 165 47 regular

39 1561 143 38 classes
198 1573 39 27 as
254 1575 20 25 a
288 1565 159 41 section,
463 1565 80 35 size
557 1565 162 49 willing.
805 1567 13 33 I
833 1565 99 36 have
948 1578 19 24 a

39 1619 99 38 class
165 1619 43 38 of
219 1620 113 36 20-30
346 1620 192 44 students,
556 1624 11 35 I
584 1635 72 24 run
672 1625 27 33 it
715 1635 41 25 as
773 1635 19 25 a
809 1625 157 35 section.

39 1677 128 35 When
180 1677 13 35 I
208 1677 139 49 taught
361 1690 20 22 a
397 1690 143 38 survey
556 1691 137 24 course
709 1680 14 35 I
737 1680 139 49 taught
890 1693 60 24 sec-

39 1735 102 35 tions
157 1734 60 36 for
310 1735 123 36 Wood
449 1735 96 36 said.
616 1737 126 36 found
759 1739 27 35 it
802 1737 167 36 difficult

39 1794 39 33 to
94 1791 88 36 lead
198 1803 20 24 a
235 1791 113 36 small
364 1803 126 39 group
507 1794 39 35 in
562 1792 224 38 discussion
802 1794 167 36 because

39 1860 61 25 we
113 1849 175 36 couldn't
301 1860 117 27 cover
430 1861 41 25 as
485 1850 120 36 much
617 1852 175 35 material
808 1863 39 24 as
861 1865 19 22 a
896 1852 71 35 lec-

36 3104 85 33 ture
135 3101 137 36 would
290 3101 112 36 have.
433 3102 205 49 Lecturing
654 3113 72 25 can
742 3115 117 24 cover
874 3115 20 24 a
913 3104 50 35 lot

36 3156 43 36 of
96 3156 191 44 material,
306 3156 71 36 but
398 3170 76 24 one
496 3159 113 49 point
628 3157 80 36 will
731 3159 49 35 be
802 3172 135 24 remem-

35 3213 121 38 bered
175 3216 39 35 in
231 3214 233 44 discussion,
485 3216 79 36 and
581 3216 80 36 will
679 3216 50 36 be
748 3217 216 47 integrated

36 3271 83 35 into
134 3269 194 38 student's

167 3329 231 35 connection
409 3329 31 36 is
454 3340 94 36 very
559 3331 216 47 important
787 3331 39 35 in
838 3329 106 36 teach-

36 3384 79 49 ing,
123 3383 178 36 between
310 3384 106 36 what
427 3386 30 35 is
468 3384 117 50 being
594 3386 85 35 said
691 3386 77 35 and
781 3391 39 31 to
830 3386 134 36 whom

36 3443 28 33 it
87 3443 33 35 is
140 3439 123 50 being
436 3443 87 35 said
546 3443 129 35 Pucci.

36 3494 195 38 closeness
254 3498 39 35 in
315 3509 71 38 age
408 3498 202 36 facilitates
630 3498 82 36 that
732 3502 231 33 connection

35 3551 181 38 between
230 3565 20 24 a
266 3554 63 35 TA
340 3554 79 35 and
436 3565 52 25 an

94 3608 91 36 And
200 3608 43 36 of
252 3620 139 24 course
402 3609 107 36 there
523 3622 61 24 are
597 3609 112 36 those
721 3611 93 36 who
827 3611 135 36 would

35 3665 129 47 prefer
176 3666 181 49 teaching
373 3669 202 33 assistants
591 3668 224 47 altogether.

145 3721 110 35 think
269 3732 66 38 my
348 3721 61 35 TA
420 3723 31 35 is
465 3721 120 49 really
597 3728 109 44 great
797 3735 66 38 my
877 3735 65 38 pro-

36 3775 123 38 fessor
178 3780 31 35 is
230 3776 96 38 kind
346 3778 43 36 of
424 3778 109 49 ditzy
551 3780 77 35 and
650 3791 121 25 never
792 3792 170 25 answers

35 3835 191 46 question
247 3835 173 47 directly,
444 3835 72 35 but
540 3847 69 36 my
630 3836 65 33 TA
876 3836 87 35 said

35 3888 175 36 Heather
227 3890 131 49 Ingate
378 3891 68 35 '9B.
524 3891 77 35 like
619 3891 148 49 having
787 3904 20 24 a
827 3894 61 33 TA
906 3893 57 36 for

35 3943 83 36 that

165 2027 104 39 use
290 2006 115 61 TAs
427 2017 65 52 to
515 2009 131 77 give
669 2009 271 60 students

82 2118 167 39 more
279 2099 272 77 personal
584 2110 261 54 contact.
879 2106 58 55 In

80 2208 35 41 a
134 2191 148 60 class
302 2191 65 60 of
384 2197 268 55 200-300
672 2192 266 60 students

82 2282 41 57 it
148 2282 200 58 would
375 2282 76 58 be
477 2283 345 77 impossible
844 2285 96 58 for

80 2373 156 57 each
276 2373 238 77 faculty
553 2373 282 61 member
871 2383 68 52 to

82 2463 241 76 provide
340 2463 293 79 adequate
650 2479 288 65 coverage

82 2556 58 57 in
180 2554 140 60 thos
359 2556 274 61 sections
671 2556 96 60 for
806 2556 134 61 that

82 2665 175 57 many

523 2739 225 58 Darrell
775 2742 165 58 West

550 2827 302 61 Professor
876 2828 66 60 of

400 2918 265 60 Political
688 2921 250 58 Science

1046 309 321 143 The
1419 309 443 148 Good
1915 312 139 145 &
2096 312 321 150 The
2471 318 318 143 Bad

1041 553 181 57 What
1244 554 287 72 qualities
1553 556 154 57 doth
1731 575 35 38 a
1786 567 169 65 great
1975 559 252 58 teacher
2247 562 214 57 make?
2482 565 159 55 How
2661 565 80 57 do
2765 584 157 55 poor

1043 643 283 60 teachers
1350 655 60 47 at
1431 649 219 55 Brown
1671 657 94 47 set
1786 647 288 60 students
2096 650 117 57 off?
2235 652 280 60 Marcelo
2535 654 211 58 Ballve
2767 657 154 58 talks

1041 745 65 46 to
1129 735 106 57 the
1257 737 306 68 students,
1587 739 126 57 and
1734 748 132 65 gets
1888 739 159 60 their
2068 745 326 55 reactions.

1044 854 115 156 E

1167 874 172 38 veryone
1350 863 68 36 has
1428 863 134 38 horror
1575 868 132 33 stories
1720 866 118 36 about
1849 877 20 25 a
1880 877 63 38 par-

1170 921 135 35 ticular
1323 921 151 35 teacher
1490 921 91 49 they
1597 921 77 36 had
1693 924 39 33 in
1746 923 65 36 the
1827 935 137 24 course

1159 975 52 36 'of
1233 976 99 36 their
1354 978 151 36 studies
1531 983 36 31 at
1592 980 150 35 Brown.
1767 980 197 49 Together,

1039 1033 118 36 these
1184 1035 151 35 stories
1364 1035 109 35 form
1499 1047 20 24 a
1545 1035 142 36 whole
1713 1036 250 50 mythology

1039 1090 153 35 around
1206 1090 172 36 teachers
1392 1091 213 49 legendary
1619 1093 58 36 for
1688 1093 99 36 their
1800 1093 164 36 abilities

1039 1151 39 31 to
1090 1151 71 44 put
1173 1146 180 36 students
1365 1153 39 30 to
1417 1148 106 50 sleep
1535 1161 41 24 or
1589 1150 150 49 stupify
1750 1150 107 36 them
1866 1151 98 36 with

1039 1214 205 25 nonsense.

1096 1261 121 33 These
1231 1272 61 24 are
1306 1266 167 31 extreme
1487 1274 115 30 cases,
1616 1263 69 36 but
1699 1263 90 49 they
1802 1266 110 46 point
1924 1269 41 31 to

1038 1317 101 36 basic
1150 1317 106 36 flaws
1265 1318 128 36 which
1408 1329 69 25 can
1488 1321 83 35 ruin
1581 1331 20 25 a
1611 1320 184 36 student's
1805 1321 159 36 chances

1038 1373 41 36 of
1088 1373 165 47 learning
1265 1375 61 36 the
1337 1376 167 36 material
1515 1376 198 44 presented
1723 1380 39 33 in
1772 1378 102 36 class.
1887 1378 77 38 The

1038 1431 172 47 inability
1227 1436 36 31 to
1279 1433 121 47 speak
1416 1433 98 36 clear
1528 1444 44 25 or

1038 1490 146 35 concise
1194 1488 151 50 English
1356 1491 28 35 is
1394 1502 74 24 one
1477 1490 93 38 such

1036 1545 96 36 flaw.

1143 1602 77 36 had
1233 1614 74 25 one
1318 1603 150 36 teacher
1479 1605 91 36 who

1036 1660 183 35 couldn't
1243 1660 126 49 speak
1392 1660 175 50 English.

1036 1717 60 35 He
1117 1717 137 36 would
1276 1717 109 36 draw
1408 1718 46 36 all
1476 1729 94 25 over

1036 1773 65 35 the
1113 1773 123 35 board
1250 1773 77 36 and
1342 1773 113 36 make
1469 1775 80 36 fran-

1036 1833 50 33 tic
1112 1835 184 44 gestures
1318 1831 74 36 but
1414 1844 54 25 no
1490 1844 77 25 one

1036 1887 121 36 knew
1183 1887 112 38 what
1318 1888 68 36 the
1411 1888 80 36 hell
1517 1890 50 36 he

1035 1956 82 25 was
1132 1945 146 50 talking
1293 1946 129 36 about.
1447 1946 96 36 Luck-

1036 2002 57 49 ily
1142 2002 52 36 he
1243 2014 90 24 was
1381 2016 20 24 a
1450 2003 117 36 math

1296 2060 94 35 said
1444 2060 123 36 Steve

1035 2115 132 36 Wease
1184 2115 68 36 '97.

1104 2173 65 35 Bill
1183 2173 197 36 Waterson
1392 2173 93 36 '95.5
1496 2173 71 38 has

1035 2241 19 24 a
1080 2228 146 38 horror
1252 2235 115 44 story
1392 2231 129 36 about
1545 2243 20 25 a

1035 2290 165 31 teacher
1224 2290 102 33 with
1351 2299 20 24 a
1397 2290 211 47 penchant
1633 2290 63 35 for
1721 2293 236 46 repetition.

1299 2345 216 47 professors
1528 2356 69 38 say
1608 2346 222 49 something
1841 2346 118 49 really

1033 2400 145 49 simple
1202 2400 79 36 and
1306 2400 170 36 obvious
1498 2402 85 36 that
1605 2402 93 50 they
1721 2402 113 38 don't
1855 2416 104 24 even

1033 2455 101 36 need
1150 2460 39 31 to
1202 2469 76 35 say,
1293 2457 76 36 and
1384 2457 93 38 then
1490 2458 93 49 they
1594 2458 82 36 will
1690 2463 131 44 repeat
1836 2460 98 35 them-

1033 2512 142 44 selves,
1198 2513 79 36 and
1301 2513 93 36 then
1417 2515 186 50 rephrase
1625 2515 109 36 what
1756 2517 93 49 they
1871 2517 87 36 said

1035 2573 115 44 again
1164 2573 39 33 in
1219 2583 19 24 a
1254 2572 183 36 different
1586 2573 198 35 Waterson
1800 2573 96 35 said.

1091 2627 65 36 On
1170 2639 19 24 a
1205 2639 109 24 more
1324 2628 183 49 personal
1521 2628 110 43 level,
1644 2630 83 35 Tim
1740 2630 146 49 Barsky
1899 2631 58 36 '9B

1033 2685 209 47 expressed
1263 2696 20 25 a
1306 2685 159 36 distaste
1483 2685 98 36 with
1602 2687 172 35 teachers
1792 2687 83 35 that
1896 2699 61 24 are

1033 2746 66 30 too
1113 2740 69 36 full
1197 2740 41 36 of
1249 2742 235 36 themselves
1498 2743 77 35 and
1591 2743 98 36 their
1702 2743 233 49 accomplish-

1033 2802 128 31 ments
1176 2800 39 33 in
1230 2798 66 36 the
1310 2798 197 36 academic
1523 2800 139 35 world.

1241 2855 170 36 teachers
1422 2857 110 36 don't
1542 2857 112 36 show
1665 2857 65 36 off.
1742 2857 79 36 Bad
1833 2858 104 36 teach-

1031 2921 61 25 ers
1106 2915 58 44 try
1175 2915 39 31 to
1225 2912 109 35 blind
1346 2923 79 38 you
1436 2912 96 36 with
1545 2912 98 36 their
1654 2913 209 36 incredible
1874 2926 63 24 aca-

1033 2967 129 36 demic
1178 2981 186 36 prowess.
1380 2970 35 35 A
1427 2970 106 47 good
1550 2970 154 36 teacher
1720 2970 82 36 that
1817 2970 140 38 knows

1033 3025 63 35 the
1109 3025 98 35 stuff
1216 3025 79 35 and
1307 3025 153 36 doesn't
1471 3025 102 36 have
1584 3031 39 30 to
1633 3025 107 36 blow
1751 3039 82 36 you
1844 3039 113 38 away

1031 3082 98 35 with
1146 3083 38 33 it.
1202 3083 33 33 A
1249 3082 77 36 bad
1345 3083 153 36 teacher
1515 3085 31 35 is
1564 3094 44 25 so
1625 3085 219 47 impressed
1860 3085 98 36 with

1033 3139 159 35 himself
1213 3139 82 35 that
1315 3139 50 35 he
1384 3139 156 36 doesn't
1562 3139 120 50 really
1704 3139 112 36 think
1836 3140 121 36 about

1164 3195 49 36 he
1227 3195 96 36 said.

1091 3252 220 49 According
1323 3257 38 31 to
1373 3252 146 50 Barsky,
1532 3254 170 36 teachers
1713 3254 143 36 should
1868 3266 66 24 con-

1033 3321 90 24 cern
1139 3309 235 38 themselves
1387 3310 96 36 with
1499 3310 65 36 the
1578 3310 211 36 education
1803 3312 43 35 of
1860 3312 96 35 their

1033 3365 180 35 students
1231 3365 153 36 instead
1403 3365 41 36 of
1461 3365 181 50 focusing
1660 3380 54 22 on
1731 3367 131 50 things
1880 3367 76 36 like

1031 3422 252 47 publication.

1192 3479 124 49 Emily
1337 3479 213 36 Dickinson
1572 3480 98 43 said,
1690 3480 66 36 the
1775 3480 181 38 business

1031 3534 43 36 of
1083 3539 113 44 poets
1209 3537 30 35 is
1252 3540 68 31 not
1332 3537 250 47 publication.
1594 3537 93 36 And
1699 3539 13 35 I
1723 3539 139 35 would
1874 3539 82 35 also

1031 3602 71 36 say
1117 3591 80 35 that
1209 3591 65 36 the
1288 3591 180 36 business
1482 3592 41 36 of
1535 3592 181 50 teaching
1731 3595 30 33 is
1775 3598 69 31 not
1857 3594 76 49 pub-

1031 3647 172 36 lication.
1227 3649 66 35 It's
1317 3649 77 35 like
1416 3649 65 36 the
1501 3649 91 47 joke
1613 3650 43 35 of
1677 3654 80 33 two
1781 3652 175 35 Romans

1031 3704 195 47 guarding
1239 3704 109 43 Jesus
1362 3704 117 36 when
1494 3704 82 36 he's
1592 3717 52 24 on
1658 3706 65 36 the
1737 3718 117 24 cross.
1871 3707 85 35 One

1031 3761 153 35 Roman
1202 3765 110 31 turns
1331 3765 39 31 to
1389 3761 65 36 the
1471 3762 112 36 other
1602 3762 77 36 and
1698 3773 90 38 says
1806 3764 83 36 that
1907 3764 49 36 he

1031 3816 101 36 fears
1145 3816 91 49 they
1247 3817 102 35 have
1359 3817 230 36 committed
1602 3830 20 24 a
1636 3824 106 44 great
1753 3831 142 36 wrong
1904 3819 52 50 by

1031 3871 135 50 killing
1186 3885 19 22 a
1225 3877 106 44 great
1350 3874 156 36 teacher.
1526 3876 80 35 The
1622 3876 112 35 other
1750 3887 77 25 one
1844 3880 112 31 turns

1031 3932 39 30 to
1087 3928 83 36 him
1186 3929 77 35 and
1280 3939 99 38 says:
1398 3929 72 36 'He
1487 3931 140 35 wasn't
1644 3942 19 24 a
1680 3935 106 44 great
1802 3931 154 36 teacher

2093 874 50 36 he
2157 887 120 25 never
2290 877 216 47 published
2521 877 239 52 anything.'"

2090 931 113 36 After
2224 937 279 46 enumerating
2523 935 66 36 the
2611 939 109 33 traits
2742 937 83 36 that
2846 939 117 35 make

2033 987 173 38 teachers
2227 989 90 43 bad,
2339 991 65 35 the
2424 992 186 47 question
2630 991 76 36 still
2726 995 169 35 remains

2031 1044 109 36 what
2154 1044 134 38 makes
2306 1058 19 24 a
2340 1047 107 47 good
2461 1049 178 36 teacher?

2090 1102 76 35 For
2186 1102 180 49 Virginia
2391 1104 153 36 Burton
2569 1106 60 35 '9B
2654 1106 68 36 the
2745 1120 161 24 answer
2928 1110 33 35 is

2031 1157 153 50 simple.
2263 1159 112 38 think
2395 1162 175 36 teachers
2591 1162 101 36 have
2713 1169 38 31 to
2770 1164 49 36 be
2838 1170 102 30 enter-

2033 1217 159 47 taining.
2213 1217 35 35 A
2266 1216 197 50 dynamic,
2487 1217 247 38 charismatic
2754 1220 154 36 teacher
2929 1224 31 35 is

2033 1274 211 47 important
2263 1272 170 39 because
2452 1276 55 36 I'll
2528 1287 52 38 go
2600 1280 38 31 to
2658 1277 99 35 class
2776 1277 77 36 and
2876 1283 85 44 stay

2031 1329 148 43 awake,
2192 1329 79 36 and
2282 1329 88 36 take
2383 1331 106 50 good
2502 1337 123 31 notes.
2639 1334 110 36 More
2762 1334 94 36 than
2868 1346 69 38 any-

2031 1386 112 49 thing
2165 1398 19 24 a
2208 1387 154 36 teacher
2383 1389 148 36 should
2553 1391 117 35 make
2690 1403 82 36 you
2792 1397 107 31 want
2920 1397 39 31 to

2561 1446 71 38 she
2646 1447 96 36 said.

2460 1504 228 50 Although
2756 1506 202 49 dynamic

2402 1559 183 38 teachers
2609 1562 131 47 might
2765 1562 102 49 pack
2891 1564 66 36 the

2402 1622 102 31 seats
2523 1617 44 36 of
2584 1617 187 38 Salomon
2792 1620 80 43 101,
2893 1633 44 24 en-

2398 1674 65 47 joy
2482 1674 79 36 low
2581 1679 99 33 rates
2701 1676 41 36 of
2759 1676 176 36 absentee-

2402 1731 90 43 ism,
2517 1731 80 36 and
2622 1731 102 52 keep
2750 1732 104 38 their
2874 1739 63 31 stu-

2402 1787 120 38 dents
2546 1789 150 43 awake,
2720 1789 61 36 for
2802 1802 113 25 some
2935 1803 22 24 a

2400 1844 157 38 teacher
2578 1847 31 35 is
2631 1858 20 24 a
2674 1847 107 47 good
2803 1847 154 38 teacher

2398 1901 124 38 when
2546 1902 98 49 they
2666 1904 153 49 simply
2843 1904 115 36 teach

2400 1970 79 38 you
2490 1959 109 36 what
2609 1961 134 47 you're
2756 1962 200 49 supposed

2400 2019 38 33 to
2449 2016 117 43 learn,
2576 2028 52 24 no
2639 2022 137 30 matter
2784 2017 93 36 how
2888 2017 46 50 dy-

2398 2076 129 33 namic
2548 2072 96 36 their
2663 2074 178 50 teaching
2860 2076 96 49 style

2398 2129 41 33 is.

2575 2187 181 49 dynamic
2769 2200 93 25 ones
2876 2189 79 36 that

2398 2243 118 36 know
2529 2243 98 36 their
2636 2244 96 36 stuff
2740 2257 61 25 are
2813 2246 142 49 perfect

2025 2306 164 28 because
2197 2310 79 36 you
2287 2306 61 41 get
2357 2306 227 44 everything
2592 2312 79 38 you
2680 2306 99 33 need
2791 2307 38 31 to
2839 2306 115 33 know

2027 2353 77 36 and
2115 2356 43 35 its
2169 2354 102 36 done
2279 2356 41 35 in
2329 2367 20 24 a
2357 2367 91 38 very
2460 2356 170 36 effective
2764 2359 191 36 Waterson

2027 2409 94 36 said.
2244 2411 77 36 I've
2335 2411 77 38 had
2427 2413 216 47 professors
2657 2414 93 36 who
2762 2425 101 27 were
2879 2416 76 49 dry,

2025 2466 71 36 but
2112 2477 102 27 were
2230 2479 44 25 so
2291 2468 416 52 information-packed
2726 2469 80 38 that
2824 2472 131 47 you're

2024 2524 77 49 just
2121 2523 216 50 frantically
2356 2528 159 47 writing
2534 2528 79 36 and
2636 2528 180 50 thinking
2836 2529 118 36 about

2025 2581 107 36 what
2146 2581 142 49 they're
2304 2583 146 49 saying,
2466 2583 79 36 and
2561 2583 80 36 that
2655 2583 94 38 kind
2765 2584 43 36 of
2819 2587 135 35 carries

2027 2649 79 38 you
2126 2649 93 25 over
2239 2638 99 36 their
2357 2644 216 33 monotone
2594 2652 43 25 or
2655 2641 206 36 whatever.
2885 2643 69 35 But

2025 2694 117 35 when
2157 2706 79 38 you
2250 2699 65 44 get
2329 2694 63 36 the
2408 2701 213 31 monotone
2635 2696 213 50 professors
2861 2698 93 38 who

2027 2751 117 36 aren't
2153 2754 135 46 saying
2299 2753 186 49 anything
2553 2754 112 36 that's
2674 2754 118 36 when
2802 2767 77 36 you
2890 2756 63 35 kill

2085 2865 197 38 Professor
2298 2866 43 36 of
2354 2868 277 36 Mathematics
2646 2868 140 36 Walter
2802 2869 151 36 Strauss

2027 2932 132 38 agrees
2175 2921 82 36 that
2272 2921 181 52 teaching
2469 2924 31 35 is
2518 2935 50 24 an
2584 2923 224 38 individual
2824 2924 129 43 talent,

2027 2978 79 36 and
2124 2978 83 36 that
2227 2980 106 47 good
2354 2980 175 38 teachers
2550 2992 112 25 come
2682 2983 39 35 in
2742 2983 49 35 all
2809 2983 143 49 shapes

2027 3035 79 35 and
2121 3036 109 35 sizes.

2153 3104 80 36 you
2247 3093 91 49 pick
2353 3096 80 33 two
2447 3094 176 35 teachers
2639 3099 38 30 at
2691 3094 170 36 random
2876 3094 77 36 and

2025 3159 77 24 one
2117 3146 43 36 of
2173 3146 107 36 them
2296 3150 33 35 is
2345 3148 118 50 really
2479 3153 110 47 quiet
2605 3150 79 36 and
2699 3162 76 25 one
2792 3151 41 36 of
2847 3151 106 36 them

2027 3206 31 35 is
2072 3205 198 49 dynamic,
2287 3217 80 38 you
2381 3208 139 35 would
2537 3208 112 35 think
2663 3209 28 33 it
2706 3220 83 24 was
2805 3208 65 36 the
2885 3208 46 50 dy-

2025 3263 132 35 namic
2181 3272 77 25 one
2279 3261 96 38 who
2398 3265 31 35 is
2454 3263 68 36 the
2542 3263 129 38 better
2693 3265 167 43 teacher,
2882 3265 71 38 but

2025 3318 115 36 that's
2151 3323 68 33 not
2230 3320 235 49 necessarily
2476 3324 96 31 true.
2584 3321 154 36 There's
2750 3334 121 38 many
2882 3321 54 36 dif-

2027 3373 123 38 ferent
2164 3373 115 38 kinds
2294 3375 43 38 of
2350 3376 187 44 teachers,
2553 3378 79 36 and
2644 3378 99 36 both
2757 3378 65 36 the
2836 3378 117 50 lively

2025 3443 98 27 ones
2135 3431 79 38 and
2228 3433 66 36 the
2307 3435 109 49 quiet
2428 3446 98 25 ones
2540 3447 72 24 can
2625 3435 49 36 be
2688 3435 77 36 bad
2781 3435 172 38 teachers

2025 3501 44 24 or
2082 3488 109 49 good

2083 3545 213 38 Professor
2321 3546 44 36 of
2386 3546 175 50 History
2584 3548 200 50 Anthony
2808 3550 145 36 Molho

2025 3613 128 24 seems
2169 3606 41 31 to
2225 3602 189 50 disagree.
2431 3605 61 35 He
2509 3605 87 36 said
2611 3605 50 36 he
2679 3605 131 36 draws
2825 3617 54 25 on
2893 3606 60 36 his

2025 3660 249 47 experiences
2290 3660 181 49 teaching
2487 3660 241 50 elementary
2743 3661 135 36 school
2896 3661 57 38 for

2024 3713 109 36 what
2150 3713 50 36 he
2219 3726 90 38 says
2329 3718 31 33 is
2381 3715 63 38 the
2465 3721 106 31 most
2591 3720 213 46 important
2824 3718 129 38 lesson

2025 3770 60 36 for
2099 3772 184 36 teachers.
2427 3773 71 36 has
2513 3778 39 31 to
2569 3773 80 36 talk
2663 3773 107 36 loud.
2787 3775 101 36 With
2906 3775 47 36 all

2025 3825 66 36 the
2115 3825 274 46 distractions,
2413 3828 255 50 developing
2690 3843 20 24 a
2732 3831 69 47 big
2825 3835 126 39 voice,

2024 3883 134 35 which
2178 3885 31 35 is
2231 3887 126 35 easier
2376 3885 96 36 than
2494 3887 181 49 learning
2696 3891 41 30 to
2757 3887 93 36 read
2872 3888 79 35 and

2024 3940 110 33 write
2148 3939 102 44 well,
2266 3942 31 33 is
2312 3953 98 38 very
2688 3942 52 36 he
2753 3943 96 36 said.

1498 4014 60 88 5

2987 1983 27 121 MOLLY
2986 2126 28 186 WANNING
