3126 4141
283 121 320 58 POLITICAL
627 118 260 58 SCIENCE

257 269 529 191 John
849 263 795 192 Tomasi

265 517 58 54 “I
324 513 154 76 find
496 510 291 76 political
809 509 219 72 theory
1049 504 345 72 incredibly
1411 501 348 74 confusing.
1776 496 345 76 Extremely
2139 496 353 74 confusing.
2506 493 146 58 And
2671 512 71 38 so
2765 491 184 57 when
2969 494 33 54 I
3017 488 104 60 tall

263 603 148 58 with
431 602 306 66 students,
756 603 33 54 I
806 609 93 65 try
921 608 63 47 to
1003 595 282 58 describe
1307 594 139 74 why
1461 595 31 54 I
1510 592 183 57 think
1715 591 167 57 these
1899 587 321 76 problems
2238 603 112 41 are
2367 603 71 39 so
2460 583 217 60 hard.”

258 717 161 49 Walking
430 717 74 35 into
517 713 243 36 Introduction
775 717 33 31 to
820 710 161 38 Political
994 710 134 47 Theory

255 775 96 35 PSII
369 772 115 49 —for
498 772 55 35 the
559 770 85 49 first
663 772 93 38 time,
770 780 68 25 one
850 772 140 44 expects
1006 770 33 31 to
1055 765 96 35 learn
1167 776 19 24 a

257 830 88 36 little
354 828 200 49 something
564 827 107 36 about
682 825 156 50 political
850 825 120 47 theory
983 822 71 38 and
1065 822 121 49 maybe

255 899 19 24 a
290 887 128 36 chance
431 890 33 31 to
479 885 98 36 catch
592 896 46 35 tip
652 896 44 24 on
712 882 66 36 lost
791 882 102 49 sleep.
912 880 93 36 Then
1020 891 17 24 a
1052 890 134 38 young,

257 943 170 49 dynamic
446 940 180 50 professor
647 939 94 36 takes
767 939 57 36 the
846 942 112 44 stage,
980 934 208 49 ominously

258 1000 146 49 holding
428 1009 47 38 up
496 1009 19 25 a
535 1009 109 36 paper
666 995 85 38 with
773 995 134 36 section
931 994 255 49 assignments.

507 1057 16 35 I
534 1068 55 24 am
603 1054 85 50 only
698 1054 112 50 going
824 1057 33 31 to
868 1052 82 50 give
964 1050 94 36 these
1072 1054 33 33 to
1115 1061 71 36 you

258 1126 94 30 once,
370 1124 38 25 so
422 1112 109 50 you'd
546 1112 110 36 better
672 1112 113 36 listen.
803 1109 104 49 After
921 1109 14 36 I
946 1109 82 49 give
1046 1107 91 36 them
1156 1110 33 31 to

258 1183 82 39 you,
361 1173 16 35 I
392 1183 57 25 am
465 1172 112 47 going
598 1175 33 30 to
650 1169 91 36 burn
765 1167 90 36 them
942 1165 71 36 and

260 1227 83 52 only
359 1239 69 39 you
446 1227 72 36 will
534 1227 104 35 know
655 1225 94 36 what
769 1224 79 49 they
972 1222 43 36 he

260 1298 90 38 says.
367 1285 170 36 Students
551 1283 101 49 begin
669 1287 31 31 to
715 1280 118 50 laugh,
846 1280 71 36 and
931 1280 61 35 Pro-

254 1342 117 50 fessor
391 1342 134 36 Tomasi
545 1339 107 52 lights
676 1339 57 36 the
753 1339 117 36 match
959 1337 55 36 the

260 1411 109 39 paper
381 1400 121 49 begins
521 1403 31 31 to
569 1398 104 36 burn.

320 1458 49 35 At
391 1468 65 38 age
479 1455 58 41 33,
561 1454 88 47 John
676 1454 140 36 Tomasi
839 1454 28 35 is
891 1463 68 24 one
983 1450 41 49 of

263 1513 154 36 Brown's
428 1517 172 46 youngest
611 1510 198 50 professors,
822 1510 61 36 but
898 1510 35 35 in
940 1510 76 47 just

265 1575 69 33 two
357 1581 106 38 years
485 1575 38 30 at
546 1569 58 36 the
631 1567 230 49 University,
887 1565 43 35 he
951 1565 65 35 has

263 1627 140 50 quickly
419 1625 209 38 established
643 1638 19 24 a
680 1625 200 47 reputation
898 1635 38 24 as
951 1635 66 24 one

263 1685 41 49 of
307 1687 44 35 its
365 1688 88 31 most
463 1682 150 50 popular
625 1680 161 38 teachers.
800 1679 153 50 Perhaps
964 1679 54 35 his

263 1742 209 50 popularity
493 1740 63 36 has
576 1739 208 49 something
808 1742 35 33 to
863 1737 44 38 do
931 1735 87 38 with

266 1798 157 36 unusual
443 1797 162 49 teaching
622 1795 159 38 methods
800 1794 113 38 which
932 1792 88 36 have

266 1855 161 38 included
439 1855 104 49 using
553 1852 260 50 Frankenberry
822 1852 69 35 and
904 1852 117 35 cheese

258 1913 137 50 fondue
414 1917 35 31 to
466 1912 99 36 make
581 1923 19 25 a
617 1912 102 47 point
737 1910 109 36 about
863 1907 157 50 political

268 1972 120 49 theory
463 1981 41 25 or
515 1969 150 49 perhaps
682 1969 25 35 it
724 1967 61 36 has
802 1965 44 38 do
861 1965 87 36 with
965 1965 55 35 the

268 2039 77 38 way
359 2027 43 36 he
413 2030 79 46 gets
509 2030 33 31 to
559 2025 104 36 know
680 2025 54 36 the
751 2035 104 25 name
869 2022 39 49 of
917 2033 104 36 every

268 2096 65 25 one
345 2083 41 50 of
391 2083 55 38 his
458 2083 165 38 students
639 2087 35 31 to
690 2080 36 38 be
739 2080 76 36 able
830 2085 33 31 to
877 2079 143 38 address

268 2154 39 24 or
318 2140 227 50 compliment
557 2140 121 49 points
693 2139 80 49 they
786 2137 101 36 made
901 2139 33 35 in
951 2148 52 24 sec-

271 2200 71 35 tion
365 2200 170 46 meetings
556 2197 41 36 he
616 2197 68 35 had
702 2195 167 36 attended
890 2192 132 38 several

269 2255 85 43 days
367 2255 87 35 later
463 2255 35 35 in
512 2252 98 36 class.
627 2252 184 36 Whatever
820 2252 115 35 draws
948 2254 74 33 stu-

269 2313 101 35 dents
384 2315 33 33 to
428 2312 54 36 his
496 2309 134 50 rapidly
638 2310 165 47 growing
814 2307 137 41 classes,
967 2306 54 36 the
1036 2306 162 36 Vermont

272 2370 117 35 native
411 2367 153 36 remains
586 2370 143 31 content
751 2365 36 35 in
811 2365 52 35 his
888 2364 76 36 task
983 2362 41 49 of

271 2425 164 36 students
455 2428 35 33 to
509 2424 101 36 think
624 2422 109 36 about
753 2422 55 35 the
827 2433 79 36 way
923 2420 132 49 society
1072 2417 128 36 should

272 2483 38 35 be
517 2480 71 35 and
603 2480 189 35 continues
809 2482 33 31 to
857 2479 88 35 have
951 2476 71 49 fun
1038 2476 112 47 doing
1164 2476 35 35 it.

272 2606 50 43 Q.
348 2600 126 39 Could
499 2613 77 38 you
603 2600 269 36 characterize
898 2609 98 36 your
1019 2595 184 49 teaching

274 2658 252 50 philosophy?

272 2720 46 35 A.
335 2717 120 38 Stand
472 2721 69 31 out
556 2715 43 38 of
613 2715 66 36 the
691 2728 91 36 way
861 2713 115 36 —that's
992 2712 107 36 what
1115 2713 11 35 I
1143 2715 60 44 try

274 2781 39 30 to
324 2775 61 35 do.
398 2775 13 35 I
424 2784 156 25 assume
591 2773 82 35 that
682 2772 178 36 students
871 2770 90 36 here
972 2769 117 49 really
1098 2773 106 30 want

274 2838 39 31 to
324 2831 113 43 learn,
450 2831 82 35 that
542 2830 145 49 they're
698 2828 203 36 interested
915 2828 39 33 in
965 2828 107 33 these

276 2891 135 47 topics,
428 2887 79 36 and
523 2887 80 36 that
620 2887 91 47 they
728 2887 101 35 have
844 2885 228 46 interesting

277 2948 129 47 things
428 2950 38 31 to
488 2956 68 36 say
578 2943 77 36 and
679 2942 110 36 think
811 2942 121 36 about
953 2940 118 36 them.

277 3003 47 35 So
335 3002 109 36 what
455 3000 82 36 that
550 3011 135 24 means
698 3005 39 30 to
751 3009 63 25 me
827 3000 30 35 is
871 3003 38 31 to
921 3002 60 44 try
994 2997 79 35 and

277 3060 115 36 stand
409 3063 69 31 out
496 3058 41 36 of
551 3058 99 35 their
665 3069 91 35 way
775 3061 38 30 to
830 3055 50 36 let
898 3055 110 35 them
1022 3065 52 38 go

279 3117 76 35 and
369 3115 52 36 do
431 3115 106 35 what
548 3113 90 49 they
650 3113 101 35 need
762 3118 41 30 to
814 3113 52 35 do
879 3112 79 36 and
969 3110 106 36 what

280 3173 88 47 they
384 3175 106 33 want
506 3176 36 31 to
557 3172 63 35 do.
638 3172 11 33 I
665 3175 60 43 try
740 3169 77 36 and
833 3167 120 38 avoid
969 3167 80 35 mak-

280 3231 65 47 ing
361 3241 22 22 a
400 3230 261 47 requirement
679 3227 41 35 of
734 3227 148 46 having
898 3225 110 35 them
1022 3224 54 35 do

280 3287 131 47 things
428 3285 82 36 that
528 3285 13 35 I
559 3283 126 49 might
701 3287 109 31 want
827 3282 109 35 them
953 3287 41 30 to
1011 3279 65 43 do,

280 3342 71 36 but
376 3340 132 36 rather
534 3345 60 44 try
619 3339 79 36 and
724 3339 87 36 find
838 3339 239 46 interesting

280 3398 124 36 books
427 3397 58 36 for
504 3397 107 35 them
631 3400 41 31 to
691 3395 91 35 read
805 3394 77 36 and
904 3395 154 33 interest-

282 3457 66 47 ing
365 3452 198 50 problems
584 3452 57 35 for
657 3452 107 35 them
780 3455 39 31 to
836 3450 107 36 think
962 3449 118 36 about

283 3512 76 35 and
375 3515 54 31 set
444 3512 25 33 it
483 3521 54 36 up
551 3512 41 31 in
606 3521 19 22 a
639 3520 90 36 way
742 3507 80 36 that
838 3509 11 33 I
865 3507 109 35 don't
987 3510 63 44 get
1065 3507 39 31 in
1117 3507 94 31 their

282 3578 91 38 way.
386 3567 27 35 It
422 3565 148 36 doesn't
581 3565 143 47 always
734 3564 109 36 work
850 3564 276 35 —sometimes
1137 3565 57 31 stu-

283 3624 112 36 dents
417 3622 110 36 don't
548 3633 83 24 care
654 3620 58 36 for
734 3620 63 35 the
819 3620 123 49 topics
964 3617 77 36 and
1063 3617 117 35 when
1202 3617 11 35 I

285 3679 110 36 stand
411 3682 68 31 out
493 3677 41 36 of
546 3677 96 36 their
655 3688 94 36 way,
765 3677 58 35 it's
838 3687 20 25 a
874 3674 91 38 total
980 3674 94 36 dud.
1090 3672 124 36 When

287 3735 88 47 they
389 3735 52 35 do
455 3746 83 24 care
553 3734 120 35 about
687 3732 63 35 the
764 3734 123 47 topics
901 3731 77 35 and
994 3731 117 35 when
1124 3729 90 49 they

287 3792 50 35 do
356 3791 82 36 find
458 3791 63 36 the
539 3789 123 38 books
680 3791 231 46 interesting,
934 3787 88 47 they
1041 3786 52 36 do
1112 3791 104 44 great

287 3847 101 43 stuff,
403 3847 94 36 stuff
507 3846 80 36 that
602 3847 11 33 I
627 3857 117 24 never
757 3844 134 36 would
907 3844 101 35 have
1020 3843 194 49 expected,

287 3915 43 24 or
342 3904 79 35 that
433 3904 13 35 I
458 3902 134 36 would
606 3902 101 35 have
718 3913 118 24 never
849 3904 131 44 gotten
994 3899 106 35 them
1113 3904 38 30 to
1164 3898 52 35 do

287 3973 52 22 on
351 3959 94 36 their
458 3972 91 22 own
562 3957 28 36 if
602 3959 13 33 I
627 3970 80 22 was
723 3959 126 47 trying
863 3962 36 30 to
913 3956 61 36 tell
989 3956 117 41 them,

1254 718 30 31 is
1296 715 90 35 how
1398 726 77 36 you
1488 713 121 47 ought
1620 717 38 31 to
1824 712 13 33 I
1846 712 74 46 just
1932 721 71 35 say,
2019 709 154 35 "Here's

1254 783 107 25 some
1373 770 93 38 stuff
1476 775 38 31 to
1524 769 101 41 read,
1638 767 76 36 and
1726 780 50 38 go
1921 765 76 36 and
2009 765 88 49 they
2110 765 61 35 do.

1255 828 47 44 Q.
1321 828 72 35 I've
1406 825 117 36 heard
1535 825 80 36 that
1630 835 72 38 you
1718 822 109 38 make
1839 835 20 25 a
1874 822 106 47 point
1994 820 41 38 of
2047 819 102 38 know-

1255 885 61 49 ing
1334 883 65 38 the
1414 894 113 25 name
1543 880 43 38 of
1600 893 113 36 every
1729 891 76 25 one
1820 879 43 36 of
1876 891 94 36 your
1986 877 189 36 students.

1258 943 98 33 How
1372 939 52 38 do
1441 950 74 38 you
1535 939 161 36 interact
1713 935 91 38 with
1822 948 96 36 your
1934 934 195 38 students?

1255 1000 44 35 A.
1315 1000 13 35 I
1340 1003 63 44 try,
1416 998 71 36 but
1498 997 74 36 this
1586 1008 96 36 year,
1696 995 11 35 I
1720 995 110 35 can't.
1844 994 13 36 I
1869 994 99 36 have
1980 998 66 30 too
2058 1003 117 38 many

1255 1055 191 38 students.
1463 1055 13 35 I
1491 1054 101 36 have
1608 1065 47 24 an
1672 1052 211 47 incredibly
1898 1050 79 36 bad
1992 1061 183 35 memory.

1257 1113 13 36 I
1280 1113 96 47 keep
1391 1124 65 36 my
1466 1112 129 49 phone
1606 1110 164 36 number
1780 1112 39 33 in
1830 1121 65 36 my
1906 1107 135 36 wallet.
2055 1106 120 36 When

1268 2313 13 35 I
1293 2312 83 36 first
1386 2309 145 38 started
1542 2309 180 47 teaching
1734 2312 36 31 at
1781 2304 178 39 Stanford
1970 2326 50 5 •
2028 2304 66 36 the
2107 2304 82 35 first

1268 2369 83 49 day,
1364 2369 13 35 I
1389 2367 109 36 think
1567 2367 11 35 I
1592 2365 142 36 started
1746 2365 135 47 asking
1893 2356 140 63 people
2046 2375 41 24 as
2098 2361 91 49 they

1268 2425 135 49 spoke,
1416 2424 169 36 "What's
1594 2433 99 36 your
1863 2419 106 49 They
1978 2417 135 36 would
2126 2417 63 35 tell

1269 2493 65 25 me
1343 2480 99 36 their
1455 2491 146 30 names,
1611 2479 71 35 but
1694 2479 13 35 I
1720 2479 146 47 always
1879 2477 124 47 forget
2013 2474 178 50 people's

1269 2548 148 31 names,
1436 2548 44 25 so
1498 2537 13 35 I
1526 2537 77 47 just
1620 2534 167 49 thought
1806 2534 13 35 I
1836 2545 82 24 was
1934 2532 120 49 being
2071 2531 120 50 polite

1268 2595 52 49 by
1337 2594 148 50 asking.
1504 2594 71 35 But
1591 2592 238 41 afterwards,
1846 2595 36 31 at
1898 2591 65 36 the
1976 2589 79 36 end
2072 2587 41 38 of
2128 2587 63 36 the

1271 2652 113 43 class,
1408 2652 13 35 I
1443 2650 117 36 knew
1584 2649 49 36 all
1657 2649 99 36 their
1778 2658 150 25 names.
1951 2646 91 36 This
2065 2644 126 36 weird

1271 2710 112 47 thing
1397 2707 79 38 had
1493 2706 208 50 happened
1781 2717 99 25 even
1896 2704 150 49 though
2063 2704 11 35 I
2090 2702 101 36 have

1271 2778 52 24 no
1335 2776 176 36 memory
1524 2769 36 31 at
1572 2764 49 36 all
1690 2765 38 33 in
1740 2762 96 36 class
1846 2761 211 36 whenever
2068 2770 123 25 some-

1280 3513 74 25 one
1365 3513 90 36 says
1465 3502 96 35 their
1572 3512 126 30 name,
1709 3501 27 33 it
1748 3498 113 36 sticks
1872 3499 39 33 in
1923 3509 66 36 my
2000 3496 110 35 head.
2132 3496 71 35 For

1280 3557 191 49 example,
1482 3557 72 35 last
1565 3567 98 38 year,
1674 3556 118 36 when
1803 3556 14 35 I
1828 3554 139 47 taught
1976 3553 107 41 PSII,
2098 3551 106 36 there

1280 3627 104 25 were
1406 3614 118 36 about
1545 3614 47 35 90
1611 3613 181 36 students
1813 3613 41 33 in
1872 3609 65 36 the
1959 3609 109 43 class,
2090 3609 77 35 and
2189 3609 14 35 I

1282 3671 115 36 knew
1419 3669 189 50 probably
1627 3669 46 35 65
1693 3668 41 36 of
1753 3668 96 36 their
1869 3677 145 25 names.
2038 3666 69 35 But
2128 3665 76 35 this

1282 3739 93 38 year
1386 3728 13 35 I
1411 3728 99 35 have
1523 3731 65 30 too
1600 3737 117 36 many
1729 3723 189 36 students.
1932 3723 93 35 PSII
2039 3721 71 35 has
2123 3724 61 46 got-

1283 3789 65 30 ten
1364 3783 118 49 really
1496 3783 66 47 big
1638 3783 60 35 it's
1712 3781 71 35 270
1797 3792 98 24 now.
1912 3780 93 35 PSII
2025 3781 30 31 is
2072 3783 79 30 sort
2165 3776 39 36 of

1283 3844 69 31 out
1369 3839 41 36 of
1422 3838 159 38 control.

1283 3896 50 44 Q.
1354 3894 115 36 What
1490 3893 52 38 do
1561 3904 76 38 you
1658 3890 216 50 personally
1896 3890 85 38 love
2002 3888 118 38 about
2140 3888 65 36 the

1283 3951 151 46 subject
1460 3962 74 35 you
1559 3948 113 38 teach
1698 3948 74 38 and
1798 3948 88 36 how
1909 3946 52 36 do
1986 3957 74 36 you
2083 3950 58 44 try
2165 3950 39 31 to

2244 717 150 36 convey
2411 704 82 36 that
2510 704 239 36 enthusiasm
2767 707 41 31 to
2827 713 96 38 your
2939 701 184 38 students!

2244 765 44 33 A.
2307 764 14 35 I
2339 762 83 36 find
2441 762 172 49 political
2630 761 139 49 theory
2786 759 216 50 incredibly
3017 757 106 36 confr

2246 822 76 47 ing.
2337 817 197 50 Extremely
2546 817 220 49 confusing.
2778 816 94 36 And
2883 827 46 25 so
2940 816 120 36 when
3069 816 14 35 I
3094 819 28 33 ta

2244 877 98 35 with
2356 876 192 43 students,
2562 876 13 35 I
2589 879 60 44 try
2663 879 38 33 to
2715 872 178 38 describe
2907 879 39 30 to
2959 872 109 36 them
3080 871 43 36 wl

2246 934 11 35 I
2279 932 112 36 think
2409 931 107 36 these
2535 931 200 50 problems
2756 942 65 25 are
2838 942 46 24 so
2901 928 110 38 hard.
3031 929 14 35 I
3063 928 60 38 do:

2246 991 113 36 think
2376 991 80 36 that
2476 989 106 36 there
2598 1000 65 25 are
2680 1000 175 25 answers
2872 992 41 31 to
2932 991 104 31 most
3052 983 43 39 of
3109 991 14 30 t

2246 1046 200 50 problems
2466 1046 82 36 that
2567 1046 13 36 I
2600 1058 85 24 care
2706 1057 44 25 so
2769 1044 121 36 much
2909 1044 132 41 about,
3060 1054 63 38 pre

2246 1104 101 36 lems
2369 1104 77 35 like
2468 1104 91 35 how
2583 1104 148 35 should
2753 1104 151 47 society
2924 1101 50 38 be
2994 1099 129 38 ordere

2460 1161 107 36 what
2584 1161 143 49 people
2745 1172 65 25 are
2828 1159 87 41 like,
2932 1159 109 35 what
3057 1169 66 24 cou

2460 1217 143 50 people
2620 1217 50 36 be
2690 1217 85 35 like.
2795 1217 14 35 I
2828 1220 61 44 try
2907 1220 41 31 to
2967 1227 151 36 convey

2461 1287 66 36 my
2540 1274 178 36 students
2729 1272 94 49 why
2835 1274 13 35 I
2858 1271 222 50 personally
3091 1269 31 38 fii

2461 1331 113 38 those
2594 1331 202 50 problems
2817 1329 98 36 hard
2939 1340 46 25 or
3003 1331 120 35 intere

2463 1392 76 46 ing.
2553 1391 54 47 By
2619 1389 123 49 doing
2754 1387 93 43 that,
2861 1389 28 35 it
2899 1386 72 36 lets
2984 1386 107 36 them
3104 1384 19 36 f<

2463 1458 41 25 as
2515 1446 153 50 though
2680 1452 36 30 at
2729 1458 77 36 any
2817 1446 94 35 time
2924 1444 91 49 they
3027 1454 71 25 can
3107 1454 16 25 s

2463 1504 233 47 something
2720 1513 91 25 new
2836 1501 80 38 and
2942 1501 178 36 interesti

2463 1561 120 36 about
2597 1562 28 33 it
2701 1562 41 33 in
2757 1559 87 41 fact,
2860 1557 91 50 they
2967 1556 107 38 often
3088 1556 35 36 d<

2463 1617 50 44 Q.
2528 1616 117 36 What
2657 1616 52 36 do
2723 1627 74 36 you
2814 1614 104 47 hope
2931 1613 61 38 for
3005 1611 118 39 studei

2463 1679 43 31 to
2523 1672 85 49 gain
2625 1672 101 38 from
2743 1674 98 47 you?

2465 1731 44 36 A.
2526 1731 14 36 I
2554 1731 106 49 hope
2674 1731 134 49 they'll
2822 1729 109 36 learn
2943 1732 41 33 to
2998 1728 110 38 think
3121 1728 2 52 i

2465 1789 148 47 riously
2625 1787 121 38 about
2757 1787 107 36 what
2877 1787 146 47 society
3036 1784 87 36 shot

2463 1846 50 36 be
2529 1844 88 43 like;
2633 1844 117 36 that's
2767 1844 65 36 the
2847 1847 104 31 most
2969 1844 154 47 import;

2466 1904 189 49 question
2677 1902 60 36 for
2759 1902 113 36 them
2893 1906 41 31 to
2957 1899 82 38 ask.
3063 1899 60 49 Esj

2466 1959 112 50 dally
2597 1962 41 33 in
2657 1972 20 24 a
2698 1959 246 47 democracy:
2964 1956 61 36 it's
3041 1956 79 50 just

2468 2019 213 47 important
2696 2017 80 35 that
2791 2027 65 25 we
2869 2014 101 38 have
2986 2013 137 50 people

2468 2076 151 46 society,
2639 2072 211 49 especially
2872 2069 162 44 leaders,
3055 2069 68 36 thii

2468 2134 71 47 ing
2564 2131 206 49 seriously
2795 2131 129 35 about
2950 2128 113 38 what
3087 2128 36 36 th

2468 2192 110 31 want
2603 2200 76 24 our
2701 2186 134 36 world
2860 2191 41 31 to
2923 2184 52 36 be
2998 2183 80 38 like
3101 2195 22 24 a

2469 2244 107 36 what
2592 2244 91 49 they
2701 2249 109 30 want
2827 2254 72 25 our
2915 2244 148 46 society
3080 2244 39 33 to

2257 2302 87 36 like.
2359 2304 13 35 I
2386 2302 106 47 hope
2506 2304 38 33 in
2559 2313 65 36 my
2638 2301 98 36 class
2751 2298 134 50 they'll
2898 2302 94 33 start
3003 2298 120 36 thinki

2258 2359 123 36 about
2402 2359 94 41 that,
2517 2357 183 50 thinking
2721 2357 60 36 for
2803 2356 241 36 themselves
3063 2354 60 38 abc

2257 2416 110 36 what
2386 2416 93 36 each
2498 2414 44 36 of
2559 2414 107 36 them
2685 2413 131 38 thinks
2836 2413 65 36 the
2918 2409 129 38 world
3066 2422 57 25 coi

2258 2485 44 24 or
2321 2472 145 36 should
2483 2472 50 35 be
2551 2471 87 36 like.
2655 2471 93 36 And
2769 2469 109 36 there
2894 2480 65 24 are
2978 2469 83 35 also
3079 2469 44 35 sk

2260 2529 187 36 involved
2463 2531 39 33 in
2517 2528 93 36 that.

2318 2587 69 35 For
2402 2587 178 39 instance,
2592 2584 117 36 when
2723 2586 140 33 Brown
2874 2583 176 36 students
3063 2592 60 25 are

2260 2644 77 35 free
2351 2647 38 31 to
2403 2643 52 36 do
2468 2643 106 36 what
2586 2641 90 49 they
2688 2644 106 35 want
2806 2644 39 33 to
2860 2639 52 38 do
2986 2638 74 38 like
3071 2636 52 38 wl

2261 2702 11 35 I
2290 2704 87 46 give
2391 2699 107 38 them
2510 2712 19 24 a
2545 2699 94 36 hard
2654 2698 106 38 book
2772 2698 79 36 and
2863 2696 102 38 have
2978 2696 107 36 them
3098 2707 25 24 r«

2261 2759 28 33 it
2373 2756 117 36 when
2509 2756 14 36 I
2542 2756 52 36 do
2614 2756 90 43 that,
2726 2756 25 36 it
2772 2756 118 36 trains
2909 2753 109 38 them
3035 2756 39 33 to
3093 2756 30 33 tr

2389 2813 225 38 themselves
2625 2813 74 36 and
2710 2813 99 36 have
2819 2809 220 38 confidence
3049 2811 39 33 in
3096 2809 27 36 tl

2391 2882 91 25 own
2498 2871 131 43 views,
2646 2869 76 35 and
2737 2874 68 30 not
2820 2874 41 30 to
2876 2868 110 36 think
3000 2866 80 36 that
3096 2866 27 36 tt

2391 2928 214 49 professors
2627 2939 63 24 are
2709 2924 235 50 necessarily
2964 2923 65 36 the
3047 2934 76 39 peo

2391 2983 93 36 who
2504 2983 99 36 have
2624 2983 65 35 the
2707 2983 104 49 right
2830 2992 173 25 answers
3025 2984 38 31 to
3083 2980 39 36 th

2392 3041 211 49 problems.
2625 3039 107 49 They
2753 3039 102 36 have
2879 3043 38 31 to
2940 3036 91 38 look
3052 3038 69 35 wit

2394 3096 228 36 themselves
2643 3096 76 36 and
2739 3096 54 35 do
2809 3094 98 36 hard
2924 3093 110 38 work
3052 3096 39 33 to
3109 3093 14 36 f

2394 3154 96 36 their
2507 3165 91 25 own
2614 3156 121 33 views
2754 3165 52 24 on
2825 3151 107 36 these
2950 3150 139 49 things.
3106 3148 17 36 C

2394 3209 205 36 laborative
2608 3209 180 49 learning,
2798 3219 109 38 ways
2915 3206 44 38 of
2965 3206 143 49 having
3117 3206 6 52 f

2395 3268 112 36 dents
2528 3266 110 36 work
2657 3266 96 36 with
2772 3277 76 24 one
2869 3263 161 38 another
3049 3268 41 31 to
3107 3274 16 38 p

2395 3323 99 36 duce
2513 3323 137 49 things,
2671 3324 28 33 is
2718 3321 117 49 really
2852 3321 63 35 the
2932 3320 104 36 basis
3054 3318 57 38 for

2395 3380 184 49 teaching.
2597 3381 41 35 In
2654 3380 47 36 all
2715 3378 43 38 of
2769 3391 69 36 my
2850 3376 151 38 classes.
3016 3376 13 36 I
3044 3375 79 38 heai

2397 3438 230 49 emphasize
2647 3439 172 46 writing.
2863 3435 69 50 My
2954 3435 94 35 wife
3068 3444 57 25 wa

2271 3496 191 49 graduate
2480 3494 161 36 student
2663 3498 36 33 at
2720 3494 143 35 Brown
2882 3513 49 3 —
2950 3491 71 36 she
3041 3490 69 36 did

2271 3551 106 36 MAT
2386 3562 180 38 program
2573 3550 96 36 with
2677 3550 72 36 Ted
2761 3550 102 36 Sizer
2871 3569 49 5 —
2929 3546 77 36 and
3016 3546 104 36 what

2271 3608 156 36 learned
2444 3613 36 31 at
2498 3609 137 35 Brown
2650 3608 117 36 about
2783 3606 93 36 how
2891 3609 39 31 to
2948 3603 109 38 teach
3071 3605 31 36 is
3117 3608 8 31 1

2271 3677 80 36 you
2373 3663 142 36 should
2534 3663 101 35 have
2654 3661 142 50 people
2816 3666 69 31 not
2904 3661 94 47 only
3017 3660 107 36 think

2272 3721 96 36 their
2384 3732 102 30 own,
2502 3720 69 36 but
2586 3724 39 31 to
2641 3723 157 33 convert
2814 3718 96 36 their
2926 3717 176 49 thinking
3118 3717 6 49 i

2271 3778 165 47 writing.
2460 3776 11 35 I
2493 3775 113 36 make
2625 3775 107 36 them
2751 3776 112 33 write
2882 3786 50 24 an
2951 3784 113 38 essay
3083 3784 41 25 ev

2272 3833 112 36 week
2395 3835 39 35 in
2444 3844 113 36 every
2569 3844 76 25 one
2654 3831 43 38 of
2704 3844 68 36 my
2781 3831 151 41 classes,
2943 3830 129 36 which
3082 3831 33 35 is

2276 3890 57 35 for
2346 3888 63 36 the
2422 3888 93 43 TAs,
2528 3888 68 36 but
2609 3888 205 35 otherwise
2827 3888 61 35 it's
2901 3891 115 44 great.

2274 3948 50 43 Q.
2343 3945 115 36 What
2477 3945 28 36 is
2521 3956 96 35 your
2635 3942 247 39 educational
2902 3940 222 50 backgroun

1164 2923 99 43 First
1277 2924 106 39 Year
1397 2924 47 38 at
1461 2923 157 38 Brown:
1639 2920 128 39 1993.

1165 2987 254 41 Education:
1438 2987 131 47 Colby
1583 2984 169 50 Collese
1773 2984 113 49 (BA),
1907 2983 52 39 St.
1978 2983 146 39 John's

1164 3054 186 49 Collese,
1369 3052 161 39 Oxford
1550 3049 219 47 University
1786 3050 107 46 (MA,
1913 3047 117 47 PhD).

1165 3120 186 38 Courses
1369 3117 156 49 taught
1542 3113 154 49 during
1715 3113 192 39 1995-96
1924 3110 225 46 academic
2164 3118 117 39 year:

1169 3183 288 41 Introduction
1474 3183 49 38 to
1542 3180 173 39 Political
1732 3180 159 46 Theory

1169 3249 131 38 Ethics
1317 3246 87 41 and
1424 3246 135 41 Public
1578 3244 132 47 Policy

1169 3313 225 39 Liberalism
1414 3310 172 47 Beyond
1603 3309 156 39 Justice

2192 2211 90 27 ROSS
2298 2209 121 27 KRIBBS

1732 4022 139 65 18
