3126 4141
0 184 65 58 ten
79 194 113 27 come
205 184 110 36 back.
329 186 93 35 And
439 186 91 35 he'd
546 198 76 24 run
638 198 19 24 a
674 187 98 36 class
789 189 236 44 discussion,
1041 203 52 25 no
1109 191 178 52 kidding,
1301 194 94 36 with

0 238 41 49 50
52 238 194 44 students,
258 252 20 24 a
294 243 79 33 mix
386 241 43 36 of
439 254 102 30 men,
554 255 172 31 women,
740 244 110 38 older
863 246 192 36 students.
1068 247 124 36 These
1205 261 102 24 were
1318 255 58 31 stu-

0 294 85 54 ents
101 294 102 38 from
217 296 49 36 all
282 309 96 25 over
392 299 65 35 the
472 310 104 38 map.
595 299 110 43 Now,
723 301 91 36 how
830 302 50 36 he
896 302 69 36 did
983 304 87 43 this,
1087 306 77 36 and
1180 307 94 35 took
1290 307 106 36 these

0 351 113 58 eople
131 351 94 36 who
246 353 128 36 raised
395 354 98 36 their
512 354 128 38 hands
661 357 79 36 and
759 359 161 35 wanted
942 364 39 31 to
1000 365 65 44 get
1083 362 41 33 in
1143 361 65 36 the
1227 367 71 38 act,
1318 364 77 36 and

0 408 68 58 ave
83 408 110 38 them
209 409 99 36 their
324 411 106 43 time,
447 411 79 36 and
543 411 93 36 then
654 419 90 30 turn
761 416 27 35 it
805 420 38 30 to
858 416 224 50 somebody
1098 417 90 44 else,
1205 420 77 35 and
1301 420 94 35 hold

0 465 50 52 lat
65 465 178 49 together
257 466 96 36 with
369 479 20 24 a
405 479 113 25 sense
532 468 43 36 of
587 469 203 47 goodwill,
806 482 41 25 as
863 472 90 35 well
969 485 43 24 as
1025 485 50 24 an
1091 474 235 38 intellectual
1340 479 38 33 in-

3 523 175 36 siveness
257 524 27 35 it
298 535 83 24 was
395 524 236 36 marvelous.
649 526 30 36 It
693 540 85 24 was
792 529 120 47 really
928 542 20 24 a
964 534 82 31 tour
1057 529 156 49 deforce.

0 576 17 55 !•
39 576 113 36 Were
172 589 76 36 you
269 578 112 49 given
403 591 74 38 any
499 580 228 39 instruction
751 583 36 36 in
808 584 187 47 graduate
1016 586 135 36 school
1173 598 50 25 on
1246 586 90 38 how
1353 594 43 31 to

0 631 102 38 iach?

5 718 8 6 .
30 690 77 44 No,
123 702 82 38 you
220 704 104 24 were
342 698 80 31 sort
438 693 43 36 of
494 693 156 38 thrown
666 698 43 35 in
724 696 117 38 there.
860 698 117 36 What
992 699 180 50 happens
1191 701 154 50 usually
1361 704 33 35 is

0 748 49 60 tat
61 751 106 33 most
180 748 44 36 of
235 750 66 36 the
315 750 183 50 thinking
510 751 121 36 about
647 753 181 50 teaching
841 767 96 36 goes
951 769 54 24 on
1020 769 145 38 among
1178 770 139 38 young
1328 759 44 36 be-

0 805 131 60 inning
150 805 186 38 teachers.
354 806 131 38 That's
506 808 107 36 what
630 809 214 49 happened
865 811 120 36 when
1003 813 13 35 I
1036 814 143 36 started
1202 816 189 49 teaching,

0 860 87 57 here
99 872 83 27 was
197 863 169 50 nothing
378 865 79 36 laid
474 877 52 24 on
540 865 102 38 from
657 866 65 36 the
735 872 80 44 top,
831 880 52 25 no
901 871 249 36 instructions
1164 872 121 36 about
1299 872 91 36 how

0 917 5 63 1
22 917 54 38 do
93 917 77 38 this
187 931 44 25 or
247 920 94 36 how
359 924 41 33 to
416 921 55 36 do
490 921 91 44 that,
598 923 93 36 how
710 928 41 31 to
769 935 74 24 run
860 937 22 24 a
901 924 233 46 discussion,
1153 928 93 38 how
1263 934 39 31 to
1320 934 72 46 put

0 975 140 55 igether
150 987 20 24 a
181 976 183 49 syllabus.
378 978 82 43 But,
472 978 30 36 if
509 992 82 36 you
600 992 104 25 were
715 981 123 49 doing
847 986 38 39 it,
898 984 96 36 with
1005 984 82 36 half
1094 997 22 24 a
1126 986 131 36 dozen
1266 987 123 36 teach-

3 1031 20 50 ■s
39 1031 154 38 around
208 1033 46 36 25
268 1046 113 36 years
397 1035 79 44 old,
491 1036 65 36 the
570 1038 161 35 interest
743 1039 43 33 in
798 1038 93 36 how
907 1044 41 31 to
962 1039 55 36 do
1030 1043 28 35 it
1074 1043 30 35 is
1120 1041 189 39 fantastic.
1326 1044 63 36 We

3 1088 79 57 >uld
93 1088 142 52 hardly
244 1093 94 35 wait
351 1096 41 31 to
403 1098 65 44 get
479 1099 69 30 out
559 1093 44 36 of
613 1094 99 36 class
726 1096 77 36 and
817 1107 50 38 go
880 1098 115 36 drink
1008 1098 126 36 coffee
1143 1110 46 25 or
1198 1099 99 43 beer,
1309 1101 80 36 and

3 1143 39 38 lk
54 1143 121 39 about
186 1146 107 38 what
304 1150 164 36 worked
482 1150 77 36 and
572 1151 109 35 what
691 1151 131 36 didn't
831 1153 121 36 work.
969 1154 13 35 I
994 1154 76 36 still
1082 1154 112 38 think
1205 1156 82 38 that
1298 1169 91 38 may

3 1202 6 61 :
22 1202 66 36 the
99 1203 87 36 best
195 1216 96 38 way.
306 1205 82 36 You
400 1217 74 24 can
485 1219 222 38 encourage
718 1211 39 39 it,
772 1209 181 36 facilitate
967 1213 28 33 it
1006 1211 102 36 from
1120 1211 120 52 being
1250 1213 87 38 able
1350 1220 39 30 to

2 1269 55 41 Jld
79 1269 203 41 meetings.
304 1269 72 30 But
395 1272 110 27 essen-

2 1315 72 52 ally
98 1317 68 36 the
187 1317 180 50 impulse
389 1331 137 25 comes

2 1372 63 50 om
80 1372 65 38 the
162 1386 208 36 eagerness
391 1386 52 25 on
460 1376 66 35 the

2 1428 46 54 irt
63 1428 43 36 of
118 1428 217 54 beginning
351 1433 175 36 teachers

14 1483 55 38 do
83 1487 27 35 it
124 1487 102 36 well.

2 1569 8 8 .
35 1542 99 36 How
153 1542 69 38 has
243 1542 66 39 the
329 1543 195 50 emphasis

2 1597 8 52 i
25 1597 184 52 teaching
224 1598 93 39 here
331 1605 39 33 at
387 1603 135 35 Brown

2 1655 134 52 tanged
153 1657 109 38 since
279 1669 74 38 you
372 1658 150 39 arrived

2 1712 49 43 ire
65 1712 36 38 in
113 1712 66 39 the
191 1713 135 38 fifties?
343 1718 99 35 How
457 1717 66 38 has

6 1780 90 27 own
115 1769 198 52 changed?

2 1827 2 41 .
14 1827 80 38 The
104 1828 180 36 students
294 1830 83 36 that
387 1831 14 35 I
413 1831 110 36 teach

2 1888 49 47 >w
74 1896 63 25 are
159 1890 131 46 pretty
312 1888 121 36 much
457 1890 65 35 the

2 1942 63 39 me
77 1942 96 36 kind
187 1942 43 36 of
239 1943 162 38 student
413 1945 82 36 that
507 1946 13 35 I

2 1997 99 54 ught
124 1998 110 44 then,
258 2006 143 44 except
424 2014 94 24 now

2 2055 14 52 e
28 2055 112 36 don't
150 2055 102 38 have
263 2069 79 38 any
353 2061 146 46 require-

2 2113 94 50 ents.
120 2113 72 36 For
214 2124 20 25 a
257 2115 96 49 long
375 2117 107 43 time,
506 2117 13 35 I

2 2169 91 49 ught
112 2169 66 36 the
194 2169 107 38 basic
321 2172 176 38 introduc-

2 2228 39 47 ry
50 2238 153 38 survey,
214 2228 123 43 51-52,
351 2239 93 25 now
457 2230 61 36 it's

2 2282 98 52 DStly
109 2282 61 36 for
178 2287 254 47 non-majors.
447 2287 71 36 But

2 2339 46 50 en
68 2339 31 36 if
117 2351 82 38 you
219 2342 159 36 wanted
402 2348 39 30 to
463 2342 55 38 do

2 2395 28 54 y
52 2395 115 38 work
187 2398 41 35 in
250 2397 161 50 history,
435 2411 82 38 you

5 2452 25 36 d
49 2457 41 33 to
109 2452 101 38 have
228 2455 28 35 it
274 2455 96 44 first;
389 2455 30 36 if
436 2468 79 38 you

2 2509 110 41 inted
135 2515 43 31 to
198 2510 91 38 take
310 2512 206 38 Professor

2 2565 269 50 cLoughlin's
294 2580 150 25 course
469 2583 46 24 or

3 2620 170 39 ofessor
247 2625 266 38 Patterson's

2 2682 106 44 urse,
131 2691 83 35 you
238 2682 82 36 had
343 2687 43 31 to
408 2682 106 38 have

17 2737 8 58 is
38 2746 150 39 survey.
203 2737 41 36 In
257 2737 82 38 that
351 2751 124 31 sense,
488 2740 13 36 I
513 2740 80 36 had
606 2753 22 24 a
639 2742 69 49 big
718 2742 143 36 bunch.
876 2743 112 43 Now,
1000 2745 13 35 I
1025 2750 135 33 attract
1172 2759 22 24 a
1205 2750 146 46 particu-

17 2794 2 47 ■
17 2795 94 46 type
126 2794 44 35 of
180 2794 173 38 student.

5 2847 16 36 I
33 2860 109 31 miss,
156 2850 14 35 I
183 2850 123 44 think,
320 2865 22 24 a
356 2852 94 38 little
463 2854 55 36 bit
532 2854 65 36 the
611 2855 124 35 wider
748 2855 142 44 ethnic,
902 2857 167 38 cultural
1082 2861 79 33 mix
1175 2860 44 36 of
1228 2861 142 49 people

0 2906 41 60 \o
60 2906 113 36 don't
192 2918 109 25 seem
320 2913 41 31 to
380 2915 107 31 want
507 2910 65 36 the
591 2910 98 38 kind
709 2912 43 38 of
769 2917 157 35 centrist
943 2915 150 50 history
1113 2917 82 36 that
1214 2917 16 36 I
1247 2918 123 36 teach,

5 2973 49 38 ey
72 2961 109 39 often
200 2969 109 33 want
326 2976 112 27 more
457 2967 235 49 specialized
713 2969 104 36 stuff.
839 2970 50 36 So
909 2972 39 35 in
969 2983 19 24 a
1009 2973 143 35 certain
1172 2984 115 27 sense
1306 2975 65 36 the

0 3020 131 60 lining
148 3020 44 35 of
209 3020 76 36 this
302 3022 236 38 centralized
559 3025 239 36 curriculum
817 3027 128 38 inside
964 3028 66 36 the
1047 3028 150 50 history
1214 3030 134 50 depart-

0 3076 55 61 :nt
74 3076 31 36 is
126 3088 19 24 a
164 3076 96 38 little
279 3079 225 50 unsettling,
523 3080 72 36 but
613 3082 13 35 I
644 3082 113 36 think
775 3082 61 36 it's
855 3083 219 38 inevitable.
1093 3085 72 36 I'm
1183 3087 187 50 perfectly

0 3131 123 58 :isfied
139 3137 41 31 to
195 3134 112 36 teach
321 3134 139 38 whom
476 3137 14 35 I
506 3137 112 36 teach
631 3137 169 39 because
817 3140 91 49 they
924 3146 106 31 want
1047 3146 41 31 to
1101 3142 50 36 be
1167 3142 107 39 there
1290 3143 79 38 and

0 3189 55 61 int
68 3194 41 31 to
124 3189 117 38 leam.
258 3192 74 36 But
345 3203 82 38 you
441 3203 80 39 pay
535 3205 22 24 a
572 3197 146 33 certain
734 3195 165 50 penalty,
915 3197 13 36 I
943 3197 123 44 think,
1082 3198 60 36 for
1156 3200 214 50 spreading

0 3246 11 57 :
30 3246 239 38 curriculum
287 3254 66 31 too
372 3247 96 44 thin,
488 3250 77 36 and
586 3250 94 38 then
698 3252 189 50 coupling
904 3255 28 35 it
950 3255 98 35 with
1065 3266 20 25 a
1106 3255 94 38 kind
1220 3255 43 38 of
1277 3269 68 25 con-

0 3302 161 60 merism.
173 3302 96 38 That
277 3304 156 38 bothers
444 3317 74 33 me,
529 3307 65 35 the
603 3307 157 36 student
772 3320 41 25 as
824 3321 213 31 consumer,
1046 3310 134 38 whose
1191 3324 178 38 mommy

0 3357 24 61 d
39 3357 139 50 daddy
191 3370 80 39 pay
282 3361 99 36 such
395 3373 20 24 a
430 3364 257 36 tremendous
701 3370 165 33 amount
879 3367 44 36 of
935 3378 143 39 money
1091 3369 83 36 that
1187 3369 93 50 they
1293 3369 74 38 feel

0 3413 76 60 ittle
88 3416 220 49 privileged
324 3420 38 33 to
378 3417 101 50 shop
493 3420 154 35 around
661 3420 80 36 and
754 3424 110 47 piece
879 3422 178 50 together
1068 3436 50 24 an
1132 3425 231 31 intellectual

0 3471 161 60 irdrobe.
173 3472 170 50 (laughs)
353 3474 93 36 And
458 3474 93 38 then
561 3476 93 49 they
665 3479 50 35 sit
723 3477 99 38 back
831 3479 79 36 and
923 3485 80 31 sort
1013 3480 43 36 of
1061 3482 120 49 judge
1191 3482 176 38 whether

0 3528 36 61 ;y
50 3532 110 31 want
176 3528 76 38 this
268 3542 139 25 course
424 3542 44 25 or
482 3532 83 36 that
581 3543 150 25 course.
750 3534 28 36 It
795 3546 91 38 may
901 3537 77 47 just
992 3535 49 38 be
1057 3537 68 36 old
1142 3550 72 38 age
1230 3551 52 24 on
1299 3551 68 38 my

0 3583 41 50 rt,
55 3583 71 38 but
140 3586 14 35 I
169 3584 113 38 think
294 3586 58 36 I'd
367 3586 76 38 like
457 3592 41 31 to
512 3600 66 25 see
591 3600 22 25 a
628 3589 96 38 little
737 3603 110 25 more
860 3595 191 35 structure
1065 3595 39 33 in
1118 3594 66 38 the
1197 3597 146 36 curricu-

0 3650 38 24 n.

11 3693 115 41 What
143 3696 83 38 role
241 3698 98 36 does
356 3699 351 49 experimentation
726 3701 87 50 play
830 3704 35 36 in
883 3717 96 35 your
995 3704 181 52 teaching

5 3751 77 43 Oh,
101 3764 20 24 a
139 3757 135 46 strong
291 3767 87 31 one,
397 3756 14 35 I
428 3756 120 36 think.
569 3757 113 36 What
701 3770 71 24 can
789 3772 80 38 you
887 3759 54 38 do
956 3762 99 35 with
1069 3775 90 24 new
1176 3765 186 43 material,

0 3806 39 58 th
58 3820 20 24 a
101 3808 183 38 different
304 3811 126 50 angle,
450 3814 150 35 vision?
622 3814 115 38 What
757 3828 72 24 can
849 3828 80 36 you
950 3817 55 38 do
1022 3819 98 36 with
1140 3831 20 24 a
1181 3820 183 38 different

0 3863 72 58 •dia
150 3866 143 41 sound,
310 3866 96 44 film,
424 3868 294 50 photographs?
748 3872 356 49 Experimentation
1118 3877 33 35 is
1167 3876 65 38 the
1247 3888 115 25 name

0 3918 61 50 the
74 3932 128 36 game.

6 3976 77 35 You
101 3975 150 49 usually
266 3976 115 50 begin
397 3989 24 25 a
436 3978 99 38 class
550 3980 93 38 with
658 3980 87 50 fifty
761 3983 167 38 minutes
943 3984 43 36 of
1002 3984 159 46 lecture,
1176 3986 76 38 and
1268 3986 93 39 then

0 4030 38 58 te
52 4041 22 25 a
88 4030 274 50 participation
378 4035 137 47 period
529 4036 36 36 in
580 4036 68 38 the
663 4036 98 38 hour
773 4038 76 38 and
865 4044 145 44 twenty
1022 4041 180 47 minutes,
1216 4043 145 46 where,

1465 209 76 36 say,
1557 197 66 39 the
1643 198 99 39 class
1759 200 76 38 will
1855 213 49 38 go
1923 203 148 38 around

1465 255 79 36 and
1572 255 94 36 read
1694 268 22 25 a
1743 269 120 36 poem
1891 257 52 50 by
1969 260 102 38 Walt

1465 309 208 41 Whitman.
1699 315 98 35 How
1819 313 63 38 did
1907 326 76 38 you
2005 317 44 36 de-

1465 367 87 36 cide
1569 380 50 25 on
1636 369 74 38 this
1726 369 117 50 style?

1463 425 46 35 A.
1523 425 106 44 Well,
1641 438 87 31 one,
1743 428 28 35 if
1784 438 80 38 you
1877 428 140 38 decide
2030 436 41 31 to

1463 493 71 25 use
1553 482 80 36 that
1652 482 143 38 format
1813 485 44 36 of
1874 498 49 25 an
1943 487 101 38 hour
2063 490 79 35 and
2161 501 20 24 a
2202 490 91 44 half,
2313 491 13 36 I
2346 493 220 38 remember
2584 494 102 38 from
2706 507 68 39 my
2791 509 93 27 own

1463 537 98 49 days
1573 539 82 38 that
1666 540 14 35 I
1693 542 176 35 couldn't
1882 543 47 35 sit
1942 543 76 35 still
2027 545 77 49 just
2118 557 41 24 as
2172 557 20 25 a
2205 550 159 46 passive
2375 551 187 47 recipient
2573 556 41 31 to
2627 551 49 36 all
2688 553 77 38 this
2776 554 106 38 stuff.

1461 594 57 36 I'd
1535 594 49 36 be
1600 595 123 36 bored
1742 597 91 49 silly.
1850 598 83 36 You
1951 611 93 38 may
2060 606 66 43 get
2142 602 123 38 bored
2282 605 41 35 in
2340 616 50 25 an
2408 605 110 44 hour,
2535 606 71 38 but
2624 613 39 33 at
2680 609 96 36 least
2792 611 90 38 here

1460 663 82 36 you
1559 650 102 38 have
1680 665 20 24 a
1721 665 115 25 sense
1855 655 43 35 of
1915 657 150 49 mixing
2082 658 30 35 it
2131 671 66 36 up.
2217 660 88 36 Part
2324 660 43 38 of
2384 663 28 35 it
2430 665 33 35 is
2482 663 85 36 that
2586 665 31 35 if
2631 676 82 38 you
2732 665 55 38 do
2805 666 77 39 this

1460 709 274 50 participation
1745 710 200 50 relatively
1956 713 113 49 right,
2082 726 80 38 you
2175 715 107 38 leam
2291 718 238 50 something,
2542 732 43 25 as
2595 734 22 24 a
2628 721 161 38 teacher.
2800 723 82 38 You

1458 769 74 44 put
1550 776 20 25 a
1589 769 77 33 text
1683 770 69 33 out
1772 767 118 44 there,
1909 769 79 36 and
2005 770 224 50 somebody
2246 784 99 38 says,
2477 787 83 38 you
2578 789 91 25 ever
2685 791 68 25 see

1460 820 77 36 and
1556 835 82 36 you
1655 835 74 38 say,
1909 838 65 25 no.
1994 828 13 35 I
2025 827 128 38 didn't
2172 828 110 38 think
2301 830 43 38 of
2496 835 112 43 Now,
2627 835 82 38 that
2726 836 156 39 doesn't

1458 877 161 50 happen
1630 890 118 39 every
1761 882 106 43 time,
1880 882 79 38 and
1973 896 80 38 you
2066 883 112 39 don't
2191 888 236 50 necessarily
2439 894 65 44 get
2517 890 82 38 that
2613 890 96 39 kind
2720 891 44 38 of
2775 893 83 39 feed-

1457 934 109 44 back,
1580 935 71 38 but
1665 937 118 38 when
1795 951 82 36 you
1891 940 66 44 do,
1972 940 85 50 boy
2074 954 79 38 you
2167 954 52 39 go
2233 943 102 50 right
2350 945 173 52 through
2535 948 66 38 the
2616 950 96 36 roof.

1515 992 146 36 You've
1680 998 68 44 got
1769 1000 38 31 to
1827 995 139 38 loosen
1986 1000 27 35 it
2031 1009 46 25 so
2098 998 82 38 that
2197 1000 109 38 what
2324 1003 137 47 you're
2480 1006 175 49 running
2674 1008 31 35 is
2726 1019 20 25 a
2767 1006 112 52 fairly

1457 1047 109 38 loose
1584 1061 117 38 game
1718 1050 43 38 of
1778 1055 175 49 primary
1972 1055 79 36 and
2072 1057 217 50 secondary
2309 1060 209 46 materials,
2537 1061 134 38 where
2690 1074 80 39 you
2787 1066 91 49 give

1457 1106 107 36 ideas
1583 1107 79 36 and
1679 1113 65 44 get
1759 1120 209 39 responses
1986 1117 39 31 to
2043 1112 118 38 them.
2180 1113 30 38 It
2227 1115 135 36 makes
2378 1118 231 38 sometimes
2625 1118 60 38 for
2702 1132 22 25 a
2740 1124 82 35 sort
2836 1121 44 38 of

1457 1162 304 49 shapelessness,
1778 1176 19 25 a
1814 1172 80 31 sort
1910 1169 43 35 of
1967 1169 315 52 indeterminacy
2299 1172 132 39 where
2447 1178 39 33 at
2502 1175 66 36 the
2583 1176 79 36 end
2679 1176 91 52 they
2786 1191 91 38 may

1454 1220 167 35 wonder
1636 1220 134 36 where
1787 1222 65 36 the
1869 1222 77 38 hell
1965 1224 93 50 they
2076 1238 74 25 are.
2170 1228 72 36 But
2260 1228 157 52 usually
2435 1230 66 38 the
2518 1236 91 33 next
2627 1235 106 43 time,
2751 1246 44 25 or
2811 1235 65 38 the

2367 1293 90 31 next
2466 1293 107 39 time,
2583 1293 129 46 pieces
2721 1293 82 35 will
2811 1293 43 36 be-

2367 1345 69 47 gin
2449 1348 41 33 to
2504 1343 66 38 fall
2586 1346 82 36 into
2682 1346 121 50 place.

2367 1402 52 44 Q.
2447 1403 104 35 How
2576 1400 54 38 do
2655 1414 80 38 you
2761 1403 113 52 bring

2365 1455 74 38 the
2468 1455 121 39 often
2620 1458 254 52 ambiguous

2365 1518 191 44 concepts
2575 1515 44 38 of
2636 1517 236 39 intellectual

2365 1569 148 52 history
2535 1569 117 41 down
2676 1576 43 35 to
2742 1573 129 39 earth?

2364 1625 148 39 What's
2531 1627 68 38 the
2617 1628 99 38 trick
2735 1630 36 38 in
2794 1636 60 46 get-

2362 1682 90 52 ting
2480 1683 194 41 students
2704 1688 167 38 excited

2362 1740 126 39 about
2515 1743 197 47 Emerson,
2737 1746 112 38 Garri-

2361 1808 85 35 son,
2461 1797 195 41 Frederick
2671 1802 198 50 Douglass,

2361 1865 44 27 or
2422 1866 44 25 so
2485 1868 115 38 many
2617 1857 44 38 of
2674 1857 68 39 the
2757 1858 112 41 other

2361 1909 145 52 figures
2528 1912 129 39 which
2682 1926 76 38 you
2780 1915 87 39 deal

2361 1969 113 38 with?

2359 2027 46 36 A.
2427 2027 82 38 The
2526 2028 181 49 problem
2724 2028 61 38 for
2803 2030 61 39 the

2357 2082 153 52 history
2524 2085 162 38 student
2701 2088 33 36 is
2748 2091 41 33 to
2803 2093 61 46 get

2359 2140 129 36 inside
2509 2139 66 38 the
2595 2142 124 38 heads
2740 2143 44 36 of
2802 2143 63 39 the

2357 2195 151 50 people
2528 2197 99 39 who
2647 2198 110 39 lived
2781 2203 41 35 in
2844 2213 20 25 a

2356 2254 142 36 world
2528 2254 132 38 that's
2690 2261 76 31 not
2794 2257 71 38 the

2356 2321 109 25 same
2476 2323 43 25 as
2528 2324 131 36 yours.
2671 2313 31 36 It
2712 2313 153 38 doesn't

2356 2370 142 33 matter
2509 2369 33 35 if
2551 2369 61 36 it's
2627 2369 65 38 the
2706 2381 135 39 genera-

2354 2424 85 36 tion
2454 2424 46 38 of
2510 2424 68 39 the
2592 2427 132 38 sixties
2739 2438 46 27 or
2797 2428 68 38 the

2354 2480 165 38 thirties
2543 2485 250 46 generation
2816 2496 47 25 or

2353 2535 209 39 whatever.
2580 2539 74 38 But
2666 2551 82 38 you
2761 2540 102 38 have

2353 2597 44 31 to
2435 2594 94 36 find
2567 2594 91 39 that
2693 2595 170 39 culture

2353 2650 208 38 somehow
2575 2652 80 38 and
2668 2655 91 47 give
2770 2655 30 36 it
2813 2655 47 36 its

2353 2710 220 39 autonomy
2584 2707 80 38 and
2677 2710 49 36 its
2739 2712 121 38 integ-

1439 2754 79 49 rity,
1537 2753 85 38 find
1639 2759 71 31 out
1728 2754 94 38 how
1839 2757 145 50 people
2002 2757 230 39 functioned
2249 2761 173 39 without
2436 2762 211 54 becoming
2665 2770 68 33 too
2746 2767 91 52 judg-

1438 2809 156 36 mental:
1616 2811 61 36 it's
1696 2811 102 38 clear
1817 2813 83 38 that
1917 2814 191 44 Jefferson
2126 2816 91 46 had,
2238 2817 99 38 shall
2356 2830 65 25 we
2439 2831 77 39 say,
2535 2831 112 28 some
2665 2835 99 38 very
2778 2824 80 39 bad

1436 2868 124 36 views
1573 2871 238 47 concerning
1822 2869 161 52 slavery.
1998 2872 65 36 It's
2076 2883 77 27 one
2165 2872 113 52 thing
2291 2880 43 31 to
2345 2879 169 36 criticize
2526 2879 41 43 it,
2578 2879 72 38 but
2665 2891 80 38 you
2757 2882 102 36 can't

1435 2921 49 38 be
1494 2926 66 33 too
1572 2924 217 38 ahistorical
1802 2937 44 25 or
1855 2931 68 33 too
1929 2928 247 49 judgmental
2187 2931 77 38 and
2276 2935 69 33 not
2356 2934 246 38 understand
2613 2934 65 39 the
2688 2937 170 39 mindset

1436 2978 43 36 of
1491 2980 112 38 those
1616 2981 145 49 people
1775 2984 39 35 in
1828 2983 83 38 that
1926 2987 238 46 generation.

1493 3036 50 36 So
1561 3036 63 36 the
1639 3038 107 44 trick,
1764 3050 54 25 no
1833 3046 140 31 matter
1987 3041 131 44 when,
2135 3044 35 36 is
2186 3047 41 33 to
2241 3044 57 38 do
2312 3046 83 36 that
2411 3049 169 35 exercise
2595 3047 44 38 of
2654 3050 150 49 getting
2816 3052 39 36 in

1436 3091 65 38 the
1510 3091 126 39 heads
1646 3093 44 38 of
1699 3094 113 38 those
1822 3098 145 49 people
1978 3098 94 36 who
2083 3099 106 36 lived
2198 3099 137 39 before
2345 3113 82 38 you
2439 3102 82 38 did.
2534 3102 35 38 If
2576 3117 82 36 you
2668 3117 85 35 can,
2764 3106 91 38 then

1435 3159 82 38 you
1531 3150 145 38 should
1691 3151 50 36 be
1759 3162 43 27 as
1819 3153 209 38 interested
2046 3156 41 36 in
2102 3154 66 39 the
2184 3157 243 38 cumulative
2441 3159 44 36 of
2499 3159 66 38 the
2583 3161 91 38 19th
2688 3167 167 46 century,

1435 3205 65 38 the
1509 3206 198 38 relevance
1715 3208 43 36 of
1765 3209 176 36 Thoreau
1951 3222 44 25 or
2005 3211 65 36 the
2079 3214 233 47 persistence
2321 3214 44 38 of
2372 3216 198 46 Emerson,
2580 3228 43 27 as
2631 3230 82 38 you
2720 3220 135 36 would

1431 3261 50 38 be
1498 3263 109 44 with,
1624 3274 77 39 say,
1718 3265 146 38 Martin
1880 3266 145 38 Luther
2041 3268 104 50 King
2161 3282 44 25 or
2219 3271 101 44 John
2335 3272 200 50 Kennedy.
2553 3272 131 39 That's
2701 3274 98 39 hard
2814 3282 41 31 to

1433 3318 69 36 sell
1523 3324 39 31 to
1581 3320 77 36 this
1677 3324 239 46 generation.
1937 3324 74 35 But
2030 3324 65 36 the
2113 3326 145 50 people
2276 3326 96 39 who
2389 3340 76 25 can
2482 3342 66 25 see
2567 3332 28 35 it
2613 3342 113 27 come
2743 3332 112 36 work

1431 3375 98 36 with
1543 3386 76 31 me,
1633 3376 80 36 and
1728 3376 117 38 that's
1858 3378 50 36 all
1923 3380 14 36 I
1951 3391 88 27 care
2052 3380 131 38 about.

1433 3431 49 44 Q.
1501 3430 115 39 What
1633 3431 82 39 role
1729 3431 54 39 do
1798 3446 76 36 you
1891 3433 110 39 think
2016 3436 184 52 teaching
2216 3438 109 52 plays
2340 3439 38 38 in
2394 3439 68 39 the
2476 3446 140 35 tenure
2631 3446 180 47 process?

1431 3488 46 35 A.
1493 3488 36 36 A
1543 3490 191 49 marginal
1750 3490 90 38 role.
1855 3491 94 38 And
1965 3491 83 39 that
2065 3494 123 38 won't
2203 3496 161 50 change.
2380 3498 94 36 And
2491 3502 41 33 to
2546 3499 66 38 the
2627 3506 132 33 extent
2772 3501 80 39 that

1430 3556 63 25 we
1509 3545 112 38 think
1633 3546 120 38 we're
1767 3548 191 50 crediting
1973 3551 181 50 teaching
2170 3551 96 38 with
2282 3553 257 52 scholarship,
2553 3557 120 36 we're
2687 3557 165 52 kidding

1430 3602 213 36 ourselves:
1657 3603 118 36 we're
1789 3609 79 31 not.
1883 3605 68 38 We
1964 3617 121 27 never
2098 3606 113 46 have,
2225 3609 80 36 and
2320 3622 63 25 we
2395 3611 194 52 probably
2603 3625 120 27 never
2735 3614 91 39 will.

1488 3658 65 36 We
1567 3671 113 25 come
1691 3660 101 38 back
1806 3665 41 33 to
1860 3661 134 38 where
2006 3676 63 24 we
2082 3665 159 38 started:
2257 3666 61 38 it's
2332 3679 98 38 very
2443 3668 101 38 hard
2557 3672 41 35 to
2613 3671 120 36 know
2745 3672 107 38 what

1430 3715 106 47 good
1554 3715 181 50 teaching
1753 3718 43 35 is.
1814 3717 250 52 Scholarship
2082 3720 71 38 has
2172 3734 22 24 a
2211 3724 146 35 certain
2373 3724 194 50 visibility,
2586 3739 80 38 you
2682 3726 104 39 have
2802 3729 50 38 all

1430 3769 106 38 these
1546 3773 162 36 reviews
1718 3778 71 31 out
1798 3773 107 38 there
1917 3776 77 35 and
2005 3776 50 35 all
2065 3776 107 38 these
2183 3781 239 47 reputations
2433 3784 121 47 going
2564 3794 55 39 up
2630 3784 79 36 and
2718 3784 131 38 down.

1430 3827 235 50 Everybody
1679 3830 110 47 gives
1806 3828 55 52 lip
1879 3833 150 35 service
2044 3838 39 31 to
2101 3833 191 50 teaching.
2309 3836 85 36 You
2409 3838 82 35 will
2509 3843 69 31 not
2594 3838 98 46 find,
2709 3841 16 36 I
2740 3841 112 39 don't

1428 3882 161 44 believe,
1606 3890 39 31 at
1661 3896 74 25 our
1751 3885 99 38 level
1868 3899 22 24 a
1907 3888 121 49 really
2043 3890 239 50 crackeijack
2299 3891 154 38 teacher
2468 3894 96 38 who
2578 3894 74 39 has
2666 3901 71 33 not
2753 3899 74 47 pub-

1428 3937 124 38 lished
1570 3951 50 25 an
1633 3940 123 36 awful
1770 3942 55 35 lot
1839 3942 79 36 and
1934 3945 33 35 is
1980 3946 151 47 getting
2143 3951 148 33 tenure.

1318 4110 151 27 23

2265 243 274 50 TEACHING
2557 247 69 46 AT
2646 247 213 49 BROWN:

2216 320 658 80 CONVERSATIONS

2167 4047 101 39 Turn
2283 4050 54 38 to
2353 4049 213 41 THOMAS
2583 4060 61 31 on
2661 4054 115 49 Page
2791 4055 57 39 32
