3126 4141
0 2312 200 54 omething
216 2313 82 36 that
312 2313 72 38 has
400 2318 227 36 immediate
643 2320 200 36 feedback.
860 2323 14 33 I
890 2335 71 22 can
976 2326 47 33 sit
1039 2324 91 36 here
1145 2328 79 36 and
1241 2328 94 38 after
1353 2342 46 24 an

0 2369 143 57 vening
161 2370 39 35 in
216 2369 66 38 the
298 2370 63 38 lab
376 2372 14 36 I
406 2373 102 35 have
524 2386 19 24 a
561 2373 112 52 thing
688 2376 79 36 and
784 2380 27 33 it
827 2380 132 36 works
976 2381 77 36 and
1072 2383 11 35 I
1101 2394 71 24 can
1187 2383 113 36 show
1318 2387 27 33 it
1361 2391 38 31 to

2 2424 126 49 eople,
140 2427 79 35 and
231 2438 68 38 my
310 2427 150 39 friends
471 2443 123 31 come,
606 2433 77 36 and
698 2435 60 35 it's
770 2435 118 49 really
901 2435 139 52 happy.
1052 2438 145 50 Things
1211 2441 74 36 like
1296 2444 82 35 writ-

0 2483 39 65 es
54 2491 143 39 papers
272 2483 113 38 other
398 2485 118 36 kinds
531 2487 43 36 of
586 2488 235 38 intellectual
836 2494 187 36 activities
1039 2494 113 36 don't
1165 2499 233 49 necessarily

2 2548 72 25 ave
96 2539 99 35 such
219 2551 50 24 an
291 2542 235 38 immediate
548 2546 79 35 and
650 2546 301 39 demonstrable
972 2562 170 27 success.
1167 2554 145 49 People
1334 2562 65 43 get

0 2592 129 41 ooked
145 2606 54 25 on
213 2595 88 38 this.

0 2652 22 55 >.
39 2652 61 35 Do
117 2661 76 38 you
209 2652 151 38 believe
376 2654 66 38 the
458 2668 183 27 common
658 2671 142 36 person
819 2661 28 36 is
865 2661 71 38 less
953 2663 76 38 and
1047 2663 71 39 less
1135 2666 36 36 in
1189 2668 151 36 control
1357 2669 41 36 of

0 2707 36 63 le
50 2712 102 33 most
167 2707 254 52 perfunctory
433 2713 153 36 actions
600 2713 36 38 in
654 2713 66 39 her
735 2715 102 50 daily
852 2717 65 39 life
932 2720 35 36 in
984 2731 20 25 a
1022 2720 181 50 hightech
1219 2724 154 38 environ-

0 2764 76 43 lent
91 2764 96 38 such
205 2776 43 25 as
265 2765 74 38 this
356 2772 98 35 one?

0 2820 14 69 ..
30 2820 14 35 I
57 2827 161 44 suspect
230 2824 83 38 that
326 2827 47 35 25
389 2830 41 31 to
443 2827 47 36 30
502 2839 110 38 years
630 2843 74 36 ago
718 2833 27 35 it
759 2844 83 25 was
854 2835 79 47 just
945 2835 172 38 humans
1131 2836 148 39 behind
1293 2852 20 24 a
1328 2841 68 49 big

0 2882 235 57 ureaucratic
249 2882 94 36 wall
422 2885 176 36 whether
614 2887 61 36 it's
691 2896 227 43 computers
935 2904 43 24 or
995 2893 183 46 humans,
1195 2898 27 33 it
1239 2896 156 38 doesn't

0 2934 87 61 ■ally
104 2940 145 33 matter.
268 2939 241 50 Computers
524 2942 96 38 both
638 2945 88 36 take
743 2946 77 36 and
839 2948 88 47 give
945 2959 112 27 some
1074 2953 156 35 control.
1250 2954 69 35 For
1337 2956 38 35 in-

3 3002 96 25 ane0
101 3022 9 13 '
131 2994 61 36 it's
213 3006 91 24 now
326 2995 142 39 harder
488 2998 58 36 for
565 3000 220 49 politicians
805 3008 41 31 to
865 3005 79 35 talk
964 3011 69 31 out
1054 3008 43 35 of
1112 3008 94 36 both
1227 3009 106 36 sides
1353 3011 43 36 of

0 3049 65 65 leir
83 3050 162 36 mouths
266 3050 183 46 [because
468 3054 66 38 the
553 3057 167 38 Internet
739 3069 72 25 can
830 3061 165 47 provide
1014 3074 191 39 coverage
1224 3068 169 36 without

0 3109 117 47 ■spect
131 3110 39 31 to
186 3109 94 35 time
294 3121 44 24 or
353 3109 195 47 location].

0 3159 16 60 '•
36 3162 47 35 w
87 3159 49 50 hy
154 3161 52 39 do
227 3175 74 36 you
323 3164 109 38 think
450 3180 76 36 you
546 3181 104 25 were
671 3170 145 38 chosen
838 3184 41 25 as
899 3184 76 25 one
995 3175 43 36 of
1054 3175 66 38 the
1140 3176 83 38 best
1246 3180 124 39 protes-

0 3219 68 35 ts?

3 3274 6 68 .
22 3276 16 35 I
50 3274 112 38 think
173 3279 72 35 I'm
257 3290 20 24 a
291 3285 129 44 pretty
431 3285 198 47 engaging
641 3285 169 36 lecturer.
825 3287 13 35 I
850 3288 102 35 can't
964 3301 69 38 say
1046 3291 94 47 why
1153 3294 153 47 exactly,
1320 3296 69 35 I'm

0 3331 230 69 ithusiastic,
247 3335 71 36 I'm
337 3342 69 31 not
424 3339 80 49 shy,
523 3345 68 30 not
609 3343 117 47 quiet.
746 3343 13 35 I
778 3343 113 36 don't
907 3348 49 33 sit
973 3348 88 41 still,
1082 3348 13 35 I
1113 3348 113 36 make
1246 3353 142 47 people

0 3389 118 55 iswer
129 3400 65 25 me
205 3389 52 49 by
269 3391 143 52 calling
425 3405 54 24 on
491 3394 65 38 the
570 3408 112 25 room
693 3409 43 25 as
748 3409 20 25 a
781 3400 142 36 whole.
935 3402 52 35 At
1002 3402 82 38 first
1096 3405 13 35 I
1123 3405 101 36 have
1236 3411 39 31 to
1290 3409 98 35 train

0 3444 82 68 iem,
101 3449 38 31 at
156 3444 94 44 first,
271 3447 91 49 they
381 3449 112 38 don't
512 3452 118 36 know
647 3452 93 38 how
761 3460 38 31 to
817 3469 161 25 answer.
995 3460 52 36 At
1065 3460 85 36 first
1167 3461 90 50 they
1276 3463 112 38 don't

0 3501 38 57 <e
52 3502 28 33 it
93 3501 169 38 because
276 3504 61 36 it's
353 3507 124 35 easier
491 3512 39 31 to
543 3507 50 38 be
608 3521 20 24 a
643 3513 157 44 passive
816 3513 156 43 learner,
987 3515 69 36 but
1072 3517 13 35 I
1101 3517 110 38 think
1225 3526 139 30 eventu-

0 3556 39 66 ly
54 3557 28 35 it
98 3557 134 36 makes
247 3561 146 49 people
408 3567 90 44 stop
515 3565 79 35 and
611 3565 110 36 think
737 3567 120 38 about
871 3570 142 38 what's
1028 3575 121 47 going
1165 3586 61 24 on.
1246 3576 11 35 I
1274 3576 112 36 don't

0 3611 72 71 ink
91 3613 14 35 I
126 3613 54 38 do
198 3616 194 50 anything
411 3619 120 49 really
550 3620 183 38 different
753 3627 39 33 in
811 3630 118 31 terms
951 3627 43 35 of
1009 3628 109 36 what
1137 3630 13 35 I
1170 3635 60 44 try
1249 3636 41 31 to
1309 3644 74 38 say.

0 3669 66 68 \en
82 3669 140 36 there's
238 3671 63 36 the
318 3672 112 38 robot
446 3687 137 27 course
658 3679 115 36 —that's
789 3693 68 36 my
869 3682 66 49 big
951 3696 165 25 success.
1132 3687 159 50 Twenty
1304 3694 60 31 stu-

0 3724 74 65 :nts
87 3724 137 38 divide
238 3729 82 35 into
332 3731 107 46 pairs
454 3731 79 36 and
543 3732 113 36 build
671 3735 132 36 robots
816 3737 102 36 from
932 3739 132 50 Legos.
1082 3742 13 33 I
1109 3743 110 35 work
1231 3743 96 38 hard
1343 3751 39 31 to

0 3781 22 60 ■t
36 3781 181 36 students
231 3786 181 49 engaged
430 3789 39 33 in
483 3789 140 36 what's
639 3792 121 49 going
773 3805 63 24 on.

0 3835 6 60 .
24 3835 77 36 Are
117 3847 76 36 you
211 3839 184 38 sensitive
409 3846 43 33 to
468 3843 142 38 female
628 3849 307 46 representation
956 3850 35 36 in
1008 3852 74 36 this
1101 3852 112 39 field?

17 3891 137 49 Today,
170 3896 143 47 people
328 3909 65 24 are
405 3902 161 46 coming
578 3902 96 36 with
690 3904 118 35 much
822 3910 176 46 stronger
1013 3913 261 44 preparation,
1290 3913 91 50 they

0 3948 47 69 ay
60 3948 99 35 with
172 3956 227 44 computers
414 3965 20 25 a
450 3956 65 43 lot,
528 3956 72 36 but
613 3959 27 33 it
654 3970 128 27 seems
795 3965 41 31 to
849 3962 49 36 be
912 3964 94 36 kind
1022 3965 43 35 of
1077 3978 20 24 a
1110 3965 79 50 boy
1205 3969 121 49 thing,
1340 3975 39 33 to

1468 2331 93 49 play
1575 2331 98 36 with
1688 2339 225 44 computers
1931 2342 38 31 at
1984 2350 50 24 an
2050 2339 107 50 early
2173 2353 71 38 age
2261 2343 79 35 and
2357 2356 44 24 so
2419 2356 61 25 we
2496 2348 77 35 end
2594 2361 65 36 up,
2676 2348 83 36 first
2776 2351 43 35 of
2831 2353 58 41 all,

1466 2387 96 35 with
1576 2400 19 24 a
1608 2391 145 36 certain
1764 2391 217 39 imbalance
1994 2397 39 33 in
2046 2400 261 44 preparation,
2320 2400 131 36 which
2465 2402 154 38 doesn't
2631 2411 139 31 matter
2783 2413 38 31 at
2831 2408 58 36 all

1468 2444 71 35 But
1553 2444 107 36 what
1674 2446 96 38 does
1787 2452 139 33 matter
1942 2452 30 35 is
1987 2450 65 36 the
2068 2452 217 39 imbalance
2301 2458 41 35 in
2356 2461 276 44 expectations.
2649 2461 102 38 Girls
2769 2466 121 47 might

1466 2499 121 44 think,
1609 2506 310 49 unconsciously,
2061 2509 13 36 I
2093 2510 198 38 wouldn't
2309 2513 50 36 be
2378 2515 107 49 good
2507 2521 38 31 at
2702 2521 128 43 when,
2854 2524 36 33 in

1465 2556 87 44 fact,
1567 2556 90 52 they
1671 2559 54 36 do
1739 2559 88 38 fine.
1841 2562 107 49 They
1961 2564 55 36 do
2028 2565 142 50 clearly
2184 2580 43 24 as
2239 2569 91 36 well
2343 2583 43 24 as
2400 2583 156 38 anyone
2570 2573 87 36 else.
2674 2576 13 35 I
2701 2576 101 36 have
2816 2578 74 38 this

1465 2613 142 50 degree
1619 2616 43 36 of
1672 2628 219 39 arrogance,
1906 2633 44 24 or
1961 2622 334 47 self-confidence,
2309 2627 82 36 that
2403 2628 83 38 let's
2501 2643 63 24 me
2576 2644 50 36 go
2639 2633 172 50 through
2824 2649 66 36 my

1465 2669 63 36 life
1539 2671 170 38 without
1718 2677 148 47 paying
1879 2688 76 38 any
1967 2682 191 33 attention
2170 2687 39 30 to
2220 2683 150 47 gender
2381 2687 302 52 professionally
2694 2691 79 35 and
2787 2698 102 31 most

1463 2728 43 36 of
1524 2739 66 38 my
1611 2729 142 38 female
1773 2732 222 50 colleagues
2014 2735 76 38 feel
2110 2737 66 36 the
2197 2750 110 27 same
2326 2754 96 36 way.
2443 2743 109 49 They
2572 2745 110 38 don't
2702 2748 74 35 feel
2797 2761 43 24 as
2861 2750 28 36 if

1463 2783 140 39 there's
1617 2798 77 36 any
1709 2787 93 38 bias.

1520 2843 13 35 I
1545 2843 101 36 have
1657 2844 77 36 this
1746 2847 154 49 agenda
1913 2852 39 33 to
1965 2854 290 36 communicate
2268 2860 41 30 to
2320 2857 145 49 people
2476 2858 83 36 that
2570 2871 79 38 you
2663 2861 112 36 don't
2787 2863 96 38 have

1461 2902 39 31 to
1510 2898 49 38 be
1570 2912 20 24 a
1605 2901 96 49 geek
1713 2906 39 33 to
1762 2902 50 36 be
1824 2915 20 24 a
1857 2912 206 44 computer
2074 2910 183 43 scientist;
2269 2912 83 36 that
2364 2920 102 30 most
2479 2915 43 36 of
2531 2915 65 36 the
2608 2917 145 50 faculty
2764 2931 90 25 mem-

1458 2956 88 35 bers
1565 2956 91 38 here
1676 2957 50 36 all
1743 2959 102 38 have
1865 2961 113 50 fairly
1995 2965 293 38 well-rounded
2309 2969 279 50 backgrounds
2606 2975 77 35 and
2704 2987 63 25 we
2786 2976 98 38 have

1460 3011 162 38 hobbies
1641 3016 79 35 and
1740 3027 61 25 we
1819 3017 157 38 shower
1995 3020 79 36 and
2093 3022 112 36 wash
2224 3035 74 27 our
2317 3027 148 36 clothes
2482 3028 79 36 and
2581 3031 121 47 speak
2723 3035 39 33 in
2780 3044 79 25 com-

1458 3069 101 47 plete
1570 3076 208 33 sentences.
1791 3074 274 52 Occasionally,
2076 3079 137 36 there's
2225 3093 49 24 an
2285 3083 189 38 in-crowd
2487 3087 82 35 that
2578 3099 69 22 can
2658 3101 104 24 scare
2773 3102 110 36 away

1458 3128 187 46 potential
1661 3139 91 27 men
1769 3131 79 35 and
1861 3143 170 25 women.

1458 3183 49 44 Q.
1529 3183 113 38 What
1665 3183 173 52 thinking
1857 3187 102 39 skills
1980 3189 52 38 do
2052 3202 76 36 you
2151 3192 99 38 need
2272 3200 41 31 to
2335 3195 236 39 understand
2595 3200 102 38 what
2718 3214 93 28 goes
2831 3217 47 24 on

1458 3238 142 38 inside?
2718 3230 22 22 G

1457 3296 44 35 A.
1517 3296 82 36 You
1613 3299 101 36 need
1729 3304 180 44 patience
1983 3315 22 24 a
2020 3304 88 38 love
2123 3307 44 35 of
2178 3313 287 47 systematicity.

1513 3353 79 36 The
1605 3365 91 38 way
1709 3367 79 38 you
1803 3357 244 39 understand
2063 3369 208 44 computer
2282 3369 153 35 science
2447 3370 33 35 is
2494 3373 41 31 to
2550 3370 134 38 divide
2699 3373 77 36 and
2792 3386 65 25 con-

1455 3420 101 36 quer.
1575 3411 90 36 This
1682 3414 30 33 is
1729 3413 66 38 the
1809 3419 195 46 strongest
2022 3420 208 49 metaphor
2246 3424 39 35 in
2301 3430 208 44 computer
2524 3428 161 36 science:
2704 3430 82 36 that
2802 3444 76 35 you

1454 3465 101 38 have
1573 3479 20 24 a
1611 3468 79 49 big,
1709 3469 258 50 complicated
1987 3474 113 49 thing
2118 3477 77 36 and
2216 3490 80 36 you
2315 3482 102 35 can't
2435 3483 178 49 possibly
2630 3485 112 36 think
2761 3488 117 36 about

1454 3521 65 36 the
1529 3523 131 38 whole
1672 3526 121 49 thing,
1806 3529 79 36 and
1899 3542 79 36 you
1991 3542 77 38 say,
2272 3537 11 35 I
2298 3537 118 36 know
2430 3540 27 33 it
2469 3539 69 38 has
2553 3546 39 30 to
2605 3542 52 36 do
2671 3543 107 38 these
2791 3545 87 38 four

1452 3578 131 49 things
1628 3581 77 36 and
1728 3594 80 36 you
1830 3583 165 49 [divide]
2019 3589 99 35 until
2137 3602 82 36 you
2239 3591 102 38 have
2362 3606 20 22 a
2405 3595 180 49 problem
2605 3598 82 36 that
2707 3613 80 36 you
2808 3614 69 24 can

1452 3635 93 36 hold
1562 3638 39 33 in
1616 3649 101 35 your
1729 3639 118 36 hand.

1509 3691 82 36 You
1603 3696 167 44 proceed
1784 3696 54 49 by
1849 3698 137 50 taking
1997 3712 20 24 a
2031 3699 118 50 huge,
2164 3713 112 39 scary
2288 3706 178 49 problem
2482 3710 79 36 and
2575 3715 299 50 systematically

1450 3746 192 52 dividing,
1658 3751 98 35 until
1772 3753 202 52 suddenly
1987 3769 80 36 you
2080 3759 79 47 just
2172 3759 102 38 have
2290 3773 19 25 a
2326 3765 83 46 tiny
2424 3765 189 47 problem.
2630 3769 156 38 There's
2802 3773 72 35 this

1447 3808 80 30 sort
1542 3805 43 35 of
1595 3808 239 36 miraculous
1847 3814 88 46 step
1950 3813 118 36 when
2082 3814 49 36 all
2145 3816 44 36 of
2200 3817 110 36 these
2324 3817 96 38 little
2431 3822 200 47 problems
2647 3830 61 43 get
2724 3827 150 44 solved,

1447 3860 79 36 and
1543 3861 27 35 it
1584 3861 131 38 works
1731 3869 39 31 to
1786 3866 115 36 make
1915 3879 80 36 you
2011 3869 257 39 understand.

1452 3956 283 50 INTERVIEW
1753 3962 65 46 BY
1838 3964 249 49 HEATHER
2109 3969 112 46 FOX

2671 2285 90 28 ROSS
2776 2287 115 28 KRIBBS

1354 4047 99 63 21

2282 178 277 50 TEACHING
2578 183 66 49 AT
2663 181 216 54 BROWN;

2233 252 665 83 CONVERSATIONS
