3126 4141
151 83 8 88 |
197 106 490 55 NEUROSCIENCE

173 236 572 192 Mark
798 235 512 189 Bear

474 491 52 57 is
545 507 43 41 a
609 488 151 60 wild
767 488 285 76 frontier,
1071 504 43 39 a
1129 491 183 68 great
1328 482 203 58 outlet
1534 480 110 77 for
1660 480 331 74 creativity,

167 583 139 58 and
324 583 189 57 that's
535 581 106 57 the
660 581 183 55 main
865 594 228 43 reason
1115 594 93 39 we
1224 575 85 57 do
1328 572 592 60 demonstrations”

165 702 112 43 Every
285 706 88 39 year,
386 702 176 41 Professor
570 702 107 27 Mark
687 702 87 27 Bear
783 702 183 38 organizes
975 702 120 24 Neuro

167 754 30 35 1:
214 751 246 38 Introduction
479 754 33 31 to
529 750 57 36 the
600 750 167 36 Nervous
784 750 154 49 System,
953 745 72 39 and
1041 745 54 38 his

165 811 154 41 lectures,
332 808 110 38 which
455 806 96 38 make
562 819 47 36 up
622 806 55 36 the
677 805 87 50 first
773 803 79 50 half
852 803 43 50 of
898 803 57 38 the
964 814 131 31 course,

165 868 220 47 incorporate
397 876 20 25 a
431 863 94 43 wild,
539 863 208 43 humorous,
759 860 194 38 somewhat
967 860 109 49 impro-

165 923 200 43 visational,
386 921 162 49 teaching
565 920 91 50 style
672 918 87 39 with
776 918 209 38 interactive
1000 915 72 38 dem-

165 980 225 38 onstrations
413 976 191 52 involving
624 976 96 46 Jello,
743 975 137 38 melons
902 973 74 38 and
997 973 102 38 other

167 1036 120 52 wacky
298 1036 123 36 media.
436 1036 82 35 This
529 1035 102 43 class,
643 1035 137 49 despite
791 1035 44 36 its
844 1030 254 52 sophisticated

165 1094 135 50 subject
315 1098 135 38 matter,
465 1091 63 38 has
539 1102 126 39 grown
680 1096 36 31 to
721 1090 61 50 fill
795 1088 167 38 Salomon
981 1088 65 36 101
1063 1091 35 33 to

167 1153 46 36 its
225 1151 146 50 balcony
383 1150 87 38 with
479 1150 165 36 students
646 1148 99 50 from
754 1146 47 38 all
813 1146 285 38 concentrations

167 1208 72 38 and
260 1208 140 38 classes.
427 1205 189 52 Typically,
630 1205 102 50 forty
753 1203 43 50 of
809 1203 99 38 those
929 1202 169 38 students

167 1265 161 50 actually
350 1265 139 38 become
512 1263 254 36 neuroscience
787 1263 143 49 majors,
956 1260 63 38 but
1043 1260 57 38 the

169 1321 153 38 course's
343 1321 123 38 stellar
487 1321 145 36 reviews
654 1318 154 38 indicate
831 1317 74 38 that
928 1315 172 39 excellent

170 1380 162 49 teaching
345 1378 112 38 elicits
461 1376 220 52 fascination
696 1376 120 36 rather
827 1375 85 36 than
918 1373 82 52 fear
1002 1373 96 49 from

172 1436 54 36 the
239 1436 203 36 sometimes
447 1433 213 50 foreboding
677 1433 110 49 topics
802 1430 154 39 covered.

228 1491 110 39 Based
350 1504 44 25 on
409 1491 90 36 their
507 1491 222 49 experiences
740 1488 87 38 with
836 1488 124 36 Neuro
973 1488 31 43 1,
1017 1488 63 35 Pro-

162 1550 117 50 fessor
294 1550 94 43 Bear,
406 1548 107 50 along
529 1548 88 36 with
635 1548 128 36 Brown
780 1545 194 50 professors
991 1545 112 49 Barry

173 1608 47 36 W.
238 1608 164 36 Connors
416 1605 71 38 and
498 1603 159 38 Michael
668 1605 44 35 A.
728 1602 180 44 Paradiso,
921 1602 90 36 have
1022 1611 60 39 pro-

170 1663 113 38 duced
294 1674 47 25 an
357 1661 246 49 introductory
617 1660 250 38 neuroscience
882 1657 161 39 textbook

170 1732 65 27 one
244 1720 43 50 of
287 1732 83 38 very
372 1718 74 52 few
457 1720 35 36 in
502 1718 172 38 existence
682 1715 172 39 —which
865 1715 74 38 will
946 1715 41 38 be
995 1715 90 36 avail-

170 1776 76 39 able
249 1776 63 52 for
321 1778 123 36 Neuro
460 1776 17 36 1
491 1775 167 38 students
672 1778 83 33 next
765 1784 91 39 year.
876 1775 60 36 We
946 1772 106 50 spoke
1065 1772 36 36 in

173 1835 134 36 Bear's
332 1833 128 50 office,
487 1846 19 25 a
534 1831 140 44 lavish,
704 1830 128 50 newly
858 1828 246 52 refurbished

173 1891 198 49 workspace
389 1890 82 50 paid
482 1888 61 52 for
562 1888 44 52 by
624 1901 19 25 a
660 1899 176 41 generous
852 1891 110 47 grant
983 1887 44 49 by
1047 1885 57 38 the

172 1948 165 38 Howard
361 1948 156 50 Hughes
540 1946 250 38 Foundation.
817 1946 94 36 Bear
932 1943 110 50 spoke
1065 1948 39 31 at

173 2005 121 50 length
312 2005 41 49 of
361 2017 20 24 a
400 2016 79 25 new
494 2003 220 50 progressive
729 2002 176 50 approach
924 2005 35 31 to
976 2011 107 25 neuro-

173 2063 135 38 science
320 2061 200 43 education,
534 2060 161 50 reflected
709 2071 82 25 now
803 2060 36 36 in
852 2057 57 39 his
921 2068 80 27 new
1016 2061 71 33 text-

173 2120 96 43 book,
283 2118 63 38 but
357 2117 187 50 developed
556 2129 85 25 over
649 2128 20 25 a
680 2115 121 52 period
813 2115 41 50 of
857 2113 135 38 several
1003 2123 101 41 years

235 2176 198 50 beginning
446 2175 87 36 with
546 2175 55 36 his
616 2184 102 39 years
731 2184 41 27 as
784 2184 20 25 a
820 2172 165 49 teaching
998 2170 88 38 assis-

176 2238 76 33 tant
260 2231 61 50 for
335 2231 55 38 the
406 2243 123 27 course
543 2230 41 38 he
600 2241 82 25 now
694 2228 140 38 directs.

176 2357 49 44 Q.
247 2357 99 35 How
364 2353 52 38 do
433 2365 76 36 you
528 2350 113 39 make
657 2350 68 39 the
742 2350 181 49 complex
940 2350 109 47 topic
1066 2348 43 36 of

176 2411 276 36 neuroscience
465 2406 211 39 accessible
687 2411 43 33 to
740 2419 96 36 your
849 2417 77 25 non
940 2416 143 27 concen-

176 2469 161 36 trators?

178 2526 46 36 A.
239 2524 80 36 I've
331 2523 104 38 been
450 2523 187 36 involved
654 2523 41 36 in
710 2523 137 36 Neuro
865 2521 17 36 1
901 2520 61 38 for
976 2532 22 24 a
1014 2518 94 50 long

178 2584 102 35 time.
304 2583 14 36 I
337 2594 83 25 was
443 2594 20 24 a
483 2580 98 50 grad
603 2578 162 38 student
783 2578 94 36 here
894 2583 39 31 at
956 2576 151 43 Brown,

180 2638 77 38 and
271 2650 102 24 even
386 2636 94 38 then
494 2636 13 36 I
521 2647 85 25 was
619 2647 22 25 a
655 2635 183 49 teaching
852 2636 183 35 assistant
1049 2631 60 38 for

180 2698 135 35 Neuro
328 2698 33 41 1;
373 2694 66 38 the
450 2694 150 49 history
611 2693 44 38 of
665 2693 77 38 this
754 2704 139 25 course
906 2693 33 35 is
950 2690 159 50 slightly

180 2753 135 49 longer
328 2751 96 38 than
435 2764 69 36 my
515 2750 151 50 history
679 2754 38 31 at
729 2750 153 36 Brown.
894 2750 16 35 I
921 2759 87 25 was
1017 2746 91 38 here

186 3383 38 30 at
236 3376 68 36 the
315 3387 96 38 very
425 3375 107 49 early
546 3380 131 44 stages
691 3373 43 38 of
746 3376 38 39 it,
800 3376 39 33 at
852 3384 24 25 a
888 3375 96 35 time
997 3370 120 38 when

186 3433 109 36 there
315 3443 85 25 was
422 3443 55 25 no
498 3430 98 36 field
617 3428 43 38 of
679 3430 287 36 neuroscience
983 3438 65 38 per
1066 3436 49 27 se.

186 3488 123 36 There
329 3499 85 24 was
436 3499 20 24 a
477 3488 151 47 society
650 3485 61 38 for
731 3487 294 39 neuroscience,
1044 3483 74 36 but

187 3545 246 36 universities
443 3542 129 36 didn't
581 3542 102 36 have
694 3540 269 50 departments
973 3539 44 38 of
1025 3550 71 27 neu-

187 3602 195 36 roscience
394 3611 46 25 or
452 3611 77 36 any
540 3598 243 36 curriculum
795 3609 46 24 so
852 3597 94 49 they
957 3594 161 38 wanted

189 3661 39 30 to
244 3655 99 38 offer
361 3666 22 25 a
400 3666 139 25 course
556 3654 82 36 that
654 3665 85 25 was
756 3652 209 36 accessible
983 3655 41 33 to
1039 3655 60 33 stu-

189 3712 113 36 dents
312 3712 102 36 from
424 3723 120 36 many
554 3710 153 36 diverse
715 3707 288 52 backgrounds.
1014 3707 104 49 They

189 3767 192 50 probably
394 3765 189 50 expected
600 3765 77 36 this
691 3770 41 31 to
745 3765 52 36 be
811 3776 49 25 an
876 3775 131 38 upper
1019 3762 99 38 level

189 3836 150 30 course,
357 3835 101 25 even
476 3822 154 49 though
649 3822 107 35 there
773 3833 104 24 were
894 3831 55 25 no
965 3830 132 39 prereq-

191 3880 146 41 uisites,
346 3880 172 35 because
529 3880 28 35 it
570 3877 154 38 sounds
737 3877 77 36 like
825 3876 134 38 rocket
970 3877 148 35 science

249 3935 94 38 who
356 3934 139 38 would
509 3934 88 36 take
609 3935 30 35 it
652 3932 113 38 other
776 3932 96 36 than
887 3943 20 25 a
921 3932 99 35 hard
1035 3942 83 25 core

1165 694 150 38 natural
1331 696 150 35 science
1494 698 94 44 type
1603 693 164 47 person?
1784 691 72 36 But
1871 690 66 36 the
1951 690 112 49 thing

1165 751 118 36 about
1298 751 277 36 neuroscience
1591 750 31 35 is
1638 748 82 36 that
1735 750 28 35 it
1780 750 30 35 is
1825 746 238 49 sufficiently

1165 808 246 50 specialized;
1425 809 28 33 it
1469 809 30 33 is
1515 805 236 49 sufficiently
1765 803 181 38 different
1964 803 101 36 from

1165 865 63 38 the
1243 863 236 38 foundation
1493 863 169 36 sciences
1677 861 74 36 like
1764 860 167 50 biology,
1945 860 94 49 phys-

1165 924 52 35 ics
1238 921 79 38 and
1337 921 120 43 math,
1476 932 46 25 so
1539 920 83 36 that
1641 929 194 38 everyone
1855 917 82 38 that
1956 917 107 36 takes

1165 980 65 36 the
1246 991 139 25 course
1400 980 31 35 is
1449 983 38 30 at
1504 989 50 24 an
1569 976 117 50 equal
1701 975 296 49 disadvantage.
2014 973 50 38 So

1165 1039 27 33 it
1203 1047 83 25 was
1301 1038 211 47 important
1524 1039 41 31 to
1576 1033 110 38 teach
1699 1036 28 33 it
1739 1036 38 33 at
1789 1046 19 24 a
1822 1031 99 38 level
1932 1031 132 36 where

1165 1093 107 38 there
1290 1104 83 25 was
1391 1091 66 38 the
1472 1091 96 36 least
1586 1101 187 27 common
1791 1088 276 38 denominator

1165 1150 79 38 and
1260 1153 28 35 it
1302 1150 140 36 wasn't
1457 1161 94 38 very
1565 1148 94 49 long
1672 1146 134 38 before
1820 1159 61 24 we
1896 1145 169 38 realized

1165 1208 83 38 that
1260 1208 82 36 that
1354 1206 96 38 least
1461 1217 186 25 common
1660 1203 276 38 denominator
1946 1202 118 38 could

1165 1265 159 38 include
1340 1265 250 36 non-science
1608 1263 143 49 people
1769 1272 41 25 as
1827 1260 91 38 well
1937 1271 41 27 as
1995 1263 54 33 sci-

1165 1332 94 27 ence
1274 1321 153 50 people.
1443 1321 30 36 It
1487 1320 129 36 didn't
1628 1323 82 31 cost
1724 1329 46 25 us
1784 1329 94 38 very
1893 1317 120 36 much
2025 1321 41 31 to

1167 1378 159 38 remind
1348 1389 104 25 even
1474 1376 68 36 the
1564 1375 266 50 experienced
1852 1375 214 49 biologists

1165 1436 110 35 what
1296 1435 66 36 the
1383 1438 194 33 structure
1597 1431 44 38 of
1660 1431 65 36 the
1746 1431 227 49 eukaryotic
1995 1428 72 38 cell

1165 1506 96 30 was,
1280 1491 80 38 and
1378 1491 109 36 what
1502 1502 63 24 we
1583 1488 143 52 gained
1745 1499 83 25 was
1847 1488 161 49 making
2025 1487 65 36 the

1167 1561 140 25 course
1321 1548 208 36 accessible
1543 1551 39 33 to
1597 1559 20 24 a
1633 1546 54 36 lot
1701 1557 109 25 more
1825 1543 191 38 students.

1169 1608 50 46 Q.
1239 1608 99 35 How
1354 1603 52 39 do
1424 1616 76 38 you
1517 1602 117 39 strike
1647 1602 66 38 the
1732 1602 162 38 balance
1912 1600 180 38 between

1169 1674 96 38 your
1280 1660 183 50 teaching
1477 1658 77 39 and
1573 1657 200 41 research?

1169 1721 47 36 A.
1227 1720 131 38 That's
1370 1718 65 38 the
1446 1718 154 50 biggest
1611 1717 202 50 challenge
1825 1715 80 38 that
1918 1728 20 24 a
1953 1715 142 36 Brown

1169 1776 198 52 professor
1378 1776 112 36 faces.
1504 1776 61 35 It's
1578 1786 20 25 a
1609 1775 235 41 frustration,
1854 1772 169 38 because
2031 1783 63 25 we

1170 1835 49 36 all
1236 1835 120 36 know
1373 1833 83 38 that
1474 1831 30 38 if
1517 1844 63 25 we
1597 1830 170 38 devoted
1786 1830 49 36 all
1852 1841 74 25 our
1943 1830 93 36 time
2054 1833 41 31 to

1170 1890 176 39 research
1361 1902 61 24 we
1436 1888 137 38 would
1587 1888 50 36 be
1652 1888 82 36 that
1748 1887 121 36 much
1883 1898 107 25 more
2006 1898 66 38 pro-

1170 1950 159 36 ductive
1339 1959 44 25 as
1392 1950 198 35 scientists.
1603 1946 57 36 Or
1669 1945 30 36 if
1706 1957 63 24 we
1781 1943 169 38 devoted
1962 1942 47 38 all
2022 1954 72 25 our

1172 2008 96 35 time
1288 2009 41 31 to
1350 2003 184 50 teaching
1554 2014 63 24 we
1636 2002 140 36 would
1797 2002 50 35 be
1869 2002 83 35 that
1973 1998 121 38 much

1172 2074 109 25 more
1296 2061 180 36 effective
1491 2071 43 27 as
1551 2058 183 38 teachers.
1754 2058 63 36 It's
1835 2069 74 25 one
1926 2057 43 36 of
1984 2055 110 38 those

1172 2118 123 50 tough
1304 2118 288 49 compromises.
1605 2117 14 35 I
1630 2115 106 36 often
1746 2115 71 35 feel
1828 2115 80 35 that
1918 2113 176 36 students

1173 2176 110 36 don't
1294 2173 241 38 understand
1546 2173 65 36 the
1620 2184 197 38 pressures
1828 2183 61 25 we
1901 2170 99 36 have
2011 2175 63 31 out-

1173 2233 85 36 side
1277 2231 66 38 the
1364 2231 213 36 classroom
1595 2235 41 31 to
1654 2228 50 36 be
1721 2228 235 50 productive
1975 2228 102 35 scien-

1173 2291 96 41 tists,
1280 2288 169 38 because
1460 2290 41 33 in
1512 2287 135 49 reality
1658 2290 104 33 most
1773 2285 43 38 of
1825 2285 65 36 the
1902 2283 194 38 decisions

1173 2346 121 38 about
1310 2346 246 49 promotions
1572 2356 63 24 are
1647 2342 123 38 based
1786 2354 54 24 on
1855 2353 20 24 a
1891 2340 106 50 large
2011 2345 87 44 part

1173 2416 54 24 on
1238 2402 180 36 whether
1428 2413 80 38 you
1521 2402 101 35 have
1635 2411 52 25 an
1698 2397 274 39 international
1984 2409 90 36 repu-

1175 2463 8 8 .
1217 2452 6 19 .
1233 2452 5 19 •
1463 2452 6 19 •
1528 2452 24 19 »•
1620 2455 38 16 rpi
1724 2454 17 16 j
1899 2454 19 17 j
1981 2463 14 8 „
2016 2452 25 17 i.l
2041 2455 57 14 —l

1176 2471 120 25 latiOn
1317 2476 41 19 <a&
1378 2477 22 17 a
1417 2468 183 27 »Ci6nn&i.
1628 2472 71 19 me
1718 2471 124 20 uown
1860 2471 87 19 &iue
1965 2471 31 19 i&
2017 2471 80 19 uiat

1175 2517 68 38 the
1263 2515 224 38 successful
1509 2515 198 35 scientists
1729 2523 66 27 are
1817 2510 217 39 distracted
2060 2512 39 35 in

1175 2584 110 27 some
1294 2576 165 46 respects
1472 2572 99 36 from
1583 2569 175 50 teaching
1767 2569 65 36 the
1841 2570 156 35 science.
2008 2567 91 43 Still,

1176 2643 43 25 as
1239 2628 194 43 students,
1454 2639 80 39 you
1556 2639 61 24 are
1638 2638 91 25 now
1750 2627 120 47 being
1888 2625 139 49 taught
2047 2624 52 49 by

1176 2688 112 35 those
1304 2691 36 31 at
1354 2687 65 36 the
1433 2687 150 47 cutting
1595 2683 101 50 edge
1710 2682 43 38 of
1765 2682 98 38 their
1877 2680 106 38 field.
1998 2680 102 36 Here

1176 2750 39 31 at
1235 2745 142 36 Brown
1395 2754 82 38 you
1494 2742 102 36 have
1616 2740 65 36 the
1699 2740 165 36 benefits
1885 2739 44 38 of
1946 2750 20 25 a
1987 2737 113 38 small

1694 2797 148 49 college
1852 2795 132 36 where
1997 2794 106 36 there

1694 2855 35 35 is
1751 2866 50 24 an
1822 2854 205 49 emphasis
2049 2863 55 25 on

1696 2910 203 49 teaching,
1921 2909 76 36 but
2019 2920 85 38 you

1698 2967 85 36 also
1805 2978 93 38 reap
1921 2965 66 36 the
2008 2965 72 36 ben-

1698 3024 93 38 efits
1811 3022 44 38 of
1876 3022 123 49 being
2020 3027 39 30 at
2083 3033 20 24 a

1698 3082 126 49 major
1844 3079 181 36 research
2047 3080 38 35 in-

1699 3139 178 36 stitution
1891 3135 134 36 where
2041 3134 65 36 the

1699 3194 238 36 discoveries
1957 3203 65 25 are
2041 3192 44 36 be-

1701 3254 66 46 ing
1776 3249 118 38 made
1904 3254 38 31 at
1953 3249 65 36 the
2027 3254 60 30 cut-

1701 3309 82 47 ting
1798 3306 110 50 edge.

1183 3369 52 44 Q.
1260 3367 98 36 How
1380 3365 68 36 has
1468 3364 66 38 the
1556 3367 131 35 Neuro
1710 3365 14 35 1
1756 3373 139 27 course
1913 3359 77 39 and
2013 3372 94 38 your

1184 3435 88 27 own
1294 3420 183 50 teaching
1496 3419 98 52 style
1614 3419 169 50 adapted
1805 3430 41 25 as
1866 3417 66 38 the
1954 3417 91 36 field
2069 3416 41 38 of

1186 3479 291 38 Neuroscience
1494 3477 69 38 has
1580 3476 184 39 evolved?

1184 3537 47 36 A.
1252 3535 129 38 When
1400 3537 16 35 I
1435 3546 112 25 came
1565 3534 93 36 here
1677 3545 43 25 as
1740 3545 22 24 a
1783 3532 98 50 grad
1902 3532 172 41 student,
2096 3532 13 35 I

1184 3592 172 49 thought
1372 3594 28 35 it
1416 3602 83 27 was
1517 3591 65 36 the
1598 3594 104 33 most
1718 3589 178 36 fantastic
1912 3598 148 25 course.
2080 3587 30 35 It

1186 3647 187 50 certainly
1391 3647 142 36 wasn't
1551 3646 191 36 available
1761 3646 132 35 where
1912 3646 14 35 I
1945 3647 107 33 went
2071 3647 39 31 to

1186 3704 137 36 school
1343 3709 38 31 at
1402 3704 124 36 Duke.
1550 3704 140 35 Brown
1709 3713 83 24 was
1813 3713 91 36 way
1923 3698 128 38 ahead
2071 3698 39 36 of

1187 3759 187 52 anybody
1386 3759 80 36 else
1477 3761 39 35 in
1528 3759 161 49 making
1699 3759 277 35 neuroscience
1989 3767 102 25 acces-

1187 3817 98 36 sible
1296 3820 41 33 to
1348 3814 257 50 undergrads.
1619 3816 14 35 I
1644 3825 121 25 never
1775 3813 80 36 had
1869 3813 104 36 done
1984 3811 106 36 teach-

1189 3876 66 47 ing
1269 3871 233 52 previously,
1515 3871 71 36 but
1600 3871 13 35 I
1625 3882 83 24 was
1721 3871 87 35 able
1822 3874 39 31 to
1874 3869 113 36 teach
2000 3880 19 24 a
2035 3880 57 24 sec-

1189 3931 82 35 tion
1287 3928 79 38 and
1381 3929 13 35 I
1408 3940 85 24 was
1507 3926 198 49 relatively
1721 3924 104 50 good
1843 3929 38 31 at
1894 3924 189 36 communi-

2159 1488 131 47 eating
2306 1485 98 36 with
2419 1485 66 36 the
2502 1485 192 36 students.
2712 1485 14 35 I
2743 1482 113 38 think
2872 1493 77 25 one
2965 1480 43 38 of
3022 1480 66 38 the

2159 1543 96 50 keys
2269 1554 83 25 was
2365 1542 146 50 having
2521 1542 79 50 just
2611 1540 102 38 been
2726 1553 20 24 a
2761 1540 162 36 student
2935 1537 153 52 myself,

2161 1602 13 35 I
2194 1600 118 36 knew
2332 1598 109 38 what
2460 1598 192 36 confused
2674 1597 157 50 people;
2850 1608 46 25 so
2915 1608 69 38 my
3003 1606 65 25 suc-

2161 1669 82 24 cess
2254 1658 41 35 in
2304 1655 110 38 small
2425 1657 159 49 settings
2594 1654 247 50 encouraged
2850 1652 140 50 people
3000 1663 66 25 run-

2161 1715 96 49 ning
2276 1713 65 36 the
2361 1723 139 27 course
2517 1717 39 33 at
2573 1712 66 38 the
2658 1713 94 35 time
2773 1715 39 33 to
2831 1709 115 38 allow
2967 1721 65 25 me
3049 1713 41 31 to

2161 1772 157 41 lecture,
2331 1769 132 38 which
2476 1781 83 25 was
2573 1767 222 39 somewhat
2808 1767 175 36 unusual
2994 1765 60 36 for
3068 1776 20 25 a

2162 1828 98 50 grad
2274 1827 161 36 student
2449 1831 41 31 to
2504 1825 143 38 lecture
2660 1830 39 33 at
2712 1825 153 36 Brown.
2879 1824 50 38 So
2943 1824 14 36 I
2972 1820 120 52 really

2162 1885 170 49 thought
2346 1883 120 38 about
2477 1883 94 36 how
2584 1883 16 35 I
2613 1882 118 38 could
2746 1880 115 38 make
2874 1880 66 36 the
2953 1891 139 25 course

2161 1942 131 43 better,
2304 1940 90 36 how
2406 1945 39 31 to
2457 1945 63 46 get
2529 1940 66 36 the
2606 1940 180 36 students
2795 1937 143 38 turned
2948 1950 54 25 on
3011 1935 79 38 and

2162 1998 239 38 entertained
2414 2000 41 33 in
2465 2009 110 25 some
2586 2002 169 44 respects
2764 1995 54 50 by
2827 1994 173 38 material
3009 1994 83 36 that

2162 2054 140 38 would
2315 2054 50 36 be
2380 2054 209 36 otherwise
2603 2054 79 49 dry.

2222 2112 124 36 There
2367 2123 63 25 are
2452 2123 112 25 some
2583 2110 132 49 things
2737 2121 82 38 you
2839 2120 74 25 can
2934 2106 55 38 do
3008 2107 43 36 in
3069 2118 22 25 a

2164 2169 99 36 class
2283 2167 65 36 the
2365 2169 80 35 size
2465 2167 43 36 of
2523 2167 135 35 Neuro
2677 2167 17 35 1
2717 2165 83 36 that
2817 2176 82 38 you
2915 2162 180 39 couldn't

2165 2225 175 50 possibly
2351 2225 55 36 do
2417 2227 39 35 in
2468 2236 20 25 a
2501 2224 112 38 small
2622 2224 99 36 class
2791 2220 76 38 like
2876 2220 80 38 The
2965 2220 126 36 Wave.

2165 2282 131 36 That's
2318 2280 71 38 fun
2409 2280 79 36 and
2510 2280 219 49 ultimately
2748 2280 72 35 has
2843 2288 110 27 some
2973 2276 96 52 peda-

2165 2340 154 49 gogical
2331 2339 129 43 value,
2472 2339 170 36 because
2655 2340 28 33 it
2694 2340 83 33 sort
2791 2335 44 36 of
2844 2334 156 38 teaches
3013 2345 82 39 you

2165 2395 123 36 about
2302 2395 65 36 the
2383 2395 260 49 propagation
2658 2394 43 35 of
2712 2391 192 38 electrical
2918 2391 156 50 signals.

2225 2454 14 35 1
2255 2452 77 36 like
2348 2457 41 31 to
2405 2450 109 38 think
2529 2452 137 36 Neuro
2683 2452 16 35 1
2718 2452 33 35 is
2767 2461 24 25 a
2805 2449 124 49 living
2943 2449 132 36 institu-

2165 2512 87 35 tion
2321 2510 27 35 it
2362 2507 98 38 does
2469 2507 151 50 change
2633 2506 102 38 from
2746 2517 94 39 year
2852 2509 41 33 to
2904 2515 98 39 year,
3016 2502 79 38 and

2167 2567 66 35 the
2249 2576 139 25 reason
2402 2567 28 35 it
2444 2565 172 49 changes
2628 2567 46 39 is,
2687 2564 121 36 we're
2820 2561 79 38 still
2912 2562 131 49 hying
3055 2565 41 31 to

2167 2622 156 50 perfect
2346 2624 39 35 it.
2409 2620 83 36 The
2513 2619 175 38 benefits
2712 2619 44 36 of
2780 2630 20 25 a
2824 2617 272 50 team-taught

2167 2691 142 25 course
2326 2691 65 24 are
2406 2679 82 36 that
2504 2690 82 38 you
2603 2682 65 46 get
2683 2682 39 33 to
2739 2677 52 36 be
2808 2674 139 50 taught
2961 2674 55 50 by
3031 2674 65 38 the

2169 2737 145 49 people
2328 2735 80 36 that
2420 2734 118 50 really
2553 2739 198 46 represent
2764 2732 98 38 their
2876 2732 94 36 field
2983 2731 43 38 of
3035 2742 41 25 ex-

2169 2795 167 49 pertise.
2359 2794 83 35 The
2466 2792 220 36 downside
2709 2791 47 38 of
2776 2802 22 25 a
2822 2787 276 50 team-taught

2170 2863 140 25 course
2329 2852 33 35 is
2381 2850 224 47 continuity.
2625 2849 13 35 I
2658 2846 170 52 thought
2847 2847 28 35 it
2893 2844 139 38 would
3047 2844 50 36 be

2169 2907 99 43 best,
2283 2906 60 38 for
2357 2906 252 49 continuity's
2625 2906 104 43 sake,
2745 2904 28 36 if
2787 2904 14 36 I
2814 2913 106 27 were
2934 2906 39 33 to
2987 2901 112 38 teach

2172 2969 36 33 at
2228 2964 96 36 least
2345 2962 63 36 the
2428 2961 83 38 first
2529 2961 106 36 third
2652 2959 43 38 of
2712 2959 66 38 the
2797 2970 139 25 course
3035 2957 65 36 the

2173 3019 235 38 foundation
2417 3024 99 31 —to
2528 3019 113 35 make
2652 3028 90 25 sure
2753 3017 82 36 that
2844 3016 68 38 the
2921 3014 178 38 students

2172 3077 80 38 had
2260 3077 102 36 been
2372 3076 169 49 brought
2550 3074 118 50 along
2677 3080 39 31 to
2728 3087 20 24 a
2761 3072 99 38 level
2869 3071 131 38 where
3009 3071 90 50 they

2173 3146 76 24 can
2269 3132 126 50 really
2417 3134 228 49 appreciate
2669 3132 66 35 the
2757 3134 120 46 guest
2898 3129 202 36 lecturers.

2173 3191 110 36 Then
2302 3202 63 25 we
2386 3194 90 33 turn
2494 3189 68 36 the
2583 3194 112 44 guest
2715 3187 186 36 lecturers
2920 3184 110 38 loose
3049 3195 50 25 on

2173 3247 121 36 them.

2175 3306 50 44 Q.
2252 3306 98 35 How
2370 3301 52 38 do
2443 3313 76 36 you
2539 3299 293 39 communicate
2852 3298 93 38 with
2965 3296 94 38 such
3080 3307 24 27 a

2176 3359 102 50 large
2293 3359 115 38 class?
2422 3357 115 38 What
2550 3359 30 35 is
2591 3357 66 36 the
2669 3361 99 33 most
2783 3356 208 49 important
3002 3353 102 39 facet

2176 3416 43 38 of
2235 3414 198 50 professor
2449 3413 156 39 student
2624 3413 184 39 relations
2824 3411 36 38 in
2880 3413 132 36 Neuro
3030 3413 16 35 1
3057 3411 17 36 ?

2176 3474 47 36 A.
2243 3472 200 50 Empathy.
2460 3472 13 35 I
2488 3483 85 24 was
2589 3483 20 24 a
2625 3471 173 36 student:
2816 3471 14 35 I
2844 3469 82 36 had
2942 3472 41 33 to
2998 3468 107 38 learn

2178 3531 76 36 this
2265 3529 104 43 stuff,
2381 3528 77 38 and
2469 3529 13 35 I
2493 3526 241 38 understand
2745 3526 65 36 the
2819 3535 198 41 pressures
3027 3528 60 33 stu-

2178 3586 117 36 dents
2312 3584 83 36 face
2411 3584 132 36 where
2561 3584 107 36 there
2683 3595 65 24 are
2765 3595 22 24 a
2805 3583 55 36 lot
2876 3581 44 38 of
2932 3584 150 46 compet-

2180 3646 66 46 ing
2266 3641 195 38 demands
2482 3641 58 36 for
2559 3652 101 36 your
2677 3641 106 35 time.
2802 3638 99 36 That
2918 3636 187 50 empathy

2180 3699 142 35 carries
2339 3709 129 24 across
2485 3698 247 35 interactions
2748 3694 101 38 with
2863 3693 243 39 individuals

2180 3759 39 31 to
2235 3754 66 36 the
2313 3765 91 36 way
2417 3765 82 36 you
2512 3751 112 38 teach
2636 3751 68 38 the
2715 3750 135 38 whole
2861 3761 150 25 course.
3025 3750 80 38 You

2180 3811 102 35 have
2293 3816 39 30 to
2343 3809 241 36 understand
2595 3809 107 36 what
2712 3811 131 47 points
2855 3808 65 36 the
2929 3806 176 38 students

2183 3866 126 49 might
2324 3865 83 36 find
2424 3865 219 50 confusing,
2657 3865 109 36 what
2780 3865 134 49 points
2929 3863 176 50 required

2183 3923 263 36 clarification.
2460 3923 85 35 Can
2557 3932 82 38 you
2652 3921 139 38 devise
2803 3932 20 25 a
2836 3932 93 36 way
2940 3923 41 33 to
2994 3918 112 38 make

225 2937 99 39 First
339 2939 106 38 Year
460 2940 46 35 at
524 2937 145 38 Brown
687 2932 66 52 (as
772 2943 24 30 a
814 2929 260 52 professor):
1098 2932 112 36 1986

225 3002 254 41 Education:
499 3002 112 38 Duke
631 3000 211 46 University
860 2998 104 47 (BS),
983 2998 142 38 Brown
1143 2994 211 47 University
1373 2994 132 46 (PhD).

225 3068 146 38 Works
391 3066 191 39 Include:
603 3063 335 41 Neuroscience:
962 3063 213 47 Exploring
1194 3061 72 38 the
1283 3060 112 38 Brain
1414 3058 167 47 (1995).

227 3134 186 38 Courses
433 3132 156 46 taught
608 3131 194 38 1995-96
820 3126 227 41 academic
1065 3135 113 38 year:

228 3195 290 41 Introduction
539 3200 46 35 to
605 3195 74 39 the
699 3195 189 38 Nervous
907 3194 157 46 System

2861 1389 91 28 ROSS
2967 1387 120 28 KRIBBS

1620 3991 107 88 12
