3126 4141
260 447 365 55 STATEMENT
650 446 90 55 OF
769 444 293 57 PURPOSE

214 608 91 39 Last
318 619 101 43 year,
436 606 80 41 The
531 608 143 38 Brown
691 605 124 55 Daily
827 603 151 43 Herald
992 603 170 41 released
1175 617 22 25 a
1213 602 143 57 special
1370 603 107 39 issue
1490 602 164 41 devoted

217 677 36 36 to
266 671 208 57 exploring
488 669 63 43 the
562 672 102 39 New
679 669 263 43 Curriculum
953 669 82 41 and
1049 669 65 41 the
1123 668 222 55 challenges
1357 668 129 41 which
1496 679 52 43 go
1559 668 94 39 with

216 739 38 39 it.
274 737 77 41 The
365 735 140 57 special
521 737 104 41 issue
639 735 126 41 which
780 748 79 43 you
874 748 65 27 are
953 734 159 57 reading
1126 732 112 41 could
1254 732 44 41 be
1312 732 82 41 said
1411 737 38 36 to
1461 732 85 41 deal
1561 731 93 43 with

217 802 61 41 the
294 802 200 41 execution
512 800 46 57 of
565 800 83 43 that
665 800 255 47 curriculum,
939 800 50 55 by
1002 800 203 54 exploring
1222 798 60 41 the
1296 800 184 52 practices
1496 797 46 55 of
1551 798 104 39 those

217 868 85 41 who
313 868 106 41 work
428 866 96 43 with
537 866 63 41 the
609 866 194 47 students,
817 866 61 39 the
891 865 180 49 teachers,
1082 865 79 39 and
1172 863 87 41 how
1271 863 60 41 the
1340 863 313 41 administration

217 946 231 43 encourages
463 932 80 41 and
557 931 246 57 discourages
820 931 63 43 the
896 931 107 43 work
1017 929 43 57 of
1068 931 184 55 learning.

277 998 79 43 The
362 998 161 55 feature
539 997 157 43 articles
715 998 43 39 in
778 997 76 41 this
874 998 109 39 issue
998 1000 167 52 attempt
1186 1000 38 36 to
1244 995 82 39 take
1342 994 153 41 critical
1512 1008 87 43 eyes
1619 998 38 36 to

217 1065 107 41 what
339 1066 143 39 Brown
496 1063 93 41 does
605 1069 39 35 to
655 1076 224 44 encourage
890 1060 148 44 —and
1052 1060 231 57 discourage
1361 1074 22 28 a
1397 1060 93 57 high
1506 1060 153 55 quality

217 1131 44 55 of
276 1131 191 55 teaching.
488 1131 107 41 Does
617 1129 61 41 the
702 1129 238 54 University
956 1128 96 55 only
1068 1140 80 43 pay
1165 1128 54 55 lip
1236 1128 148 39 service
1405 1131 38 36 to
1463 1126 194 57 teaching,

217 1197 80 41 and
320 1195 104 49 then,
444 1208 96 28 once
562 1195 63 41 the
643 1194 137 43 award
798 1194 236 41 ceremonies
1054 1206 68 28 are
1139 1206 99 35 over,
1258 1192 137 57 ignore
1416 1191 181 57 teaching
1616 1192 41 41 in

220 1261 63 43 the
299 1266 139 38 tenure
450 1261 184 55 process?
649 1261 82 41 Are
746 1260 342 55 undergraduates
1106 1258 118 55 being
1236 1257 290 57 shortchanged
1542 1257 50 57 by
1605 1269 52 28 an

219 1328 225 55 increasing
461 1326 263 43 overreliance
742 1339 50 28 on
814 1324 184 57 teaching
1013 1324 214 41 assistants
1313 1337 96 28 even
1428 1323 117 55 being
1561 1321 98 43 used

217 1406 44 28 as
277 1392 258 58 guinea-pigs
545 1391 71 58 for
635 1391 61 43 the
713 1391 197 57 graduate
928 1391 202 43 students'
1148 1391 203 54 training?
1376 1389 113 41 What
1509 1389 94 39 kind
1622 1387 44 55 of

220 1471 197 30 resources
430 1460 31 39 is
477 1458 63 41 the
556 1458 235 55 University
800 1457 214 57 providing
1027 1460 38 36 to
1079 1457 102 39 train
1194 1457 50 39 its
1255 1468 181 43 younger
1446 1454 213 57 professors

217 1524 82 41 and
309 1524 195 57 graduate
515 1523 200 49 students,
729 1523 80 43 and
822 1521 93 57 keep
928 1523 52 41 its
992 1526 161 36 veteran
1165 1521 214 55 professors
1383 1520 109 55 from
1502 1521 159 54 getting

220 1594 117 52 rusty
353 1591 43 41 in
417 1589 101 43 their
534 1589 135 43 skills?
688 1589 98 41 And
803 1587 117 43 when
937 1587 102 55 good
1060 1586 183 57 teaching
1258 1584 112 57 itself
1380 1586 33 41 is
1430 1584 172 57 difficult
1622 1591 38 35 to

219 1655 129 58 define
364 1655 82 41 and
461 1668 98 28 even
580 1668 107 28 more
704 1652 173 58 difficult
896 1658 39 36 to
953 1652 345 47 institutionalize,
1318 1652 107 41 what
1443 1665 71 28 can
1531 1665 24 28 a
1572 1665 90 28 new

222 1723 113 41 Dean
351 1721 47 57 of
408 1721 63 41 the
487 1721 159 55 College
661 1721 50 41 do
731 1724 38 38 to
783 1721 180 54 improve
980 1718 206 55 teaching?

280 1787 94 41 This
391 1787 107 41 issue
512 1786 85 41 also
602 1784 181 58 features
800 1784 169 41 thirteen
984 1783 159 58 profiles
1159 1783 46 57 of
1209 1783 216 57 professors
1441 1783 154 41 saluted
1611 1783 50 55 by

224 1852 99 43 their
332 1852 181 43 students
517 1852 71 57 for
597 1852 162 55 making
770 1852 151 55 unique
931 1849 132 57 efforts
1076 1850 43 41 in
1132 1849 98 43 their
1241 1849 107 41 work
1357 1849 96 41 with
1465 1849 192 41 students.

222 1921 35 39 It
268 1920 35 41 is
313 1918 126 55 hoped
454 1918 85 41 that
551 1918 107 41 these
669 1917 313 49 conversations,
995 1929 43 27 as
1050 1915 123 41 we've
1184 1913 123 43 called
1323 1913 115 49 them,
1452 1928 72 28 can
1539 1918 123 38 create

220 1984 225 41 discussion
461 1997 50 28 on
526 1983 109 43 what
649 1983 184 57 teaching
844 1983 47 49 is,
906 1983 107 41 what
1027 1983 30 41 it
1069 1981 143 43 should
1225 1981 55 47 be,
1293 1981 82 41 and
1386 1981 90 41 how
1488 1981 31 39 it
1531 1992 72 30 can
1617 1980 44 41 be

222 2063 98 30 even
332 2050 129 43 better.
477 2052 77 39 For
567 2050 63 41 the
644 2054 123 38 worst
780 2049 167 41 mistake
961 2047 76 43 this
1050 2060 165 44 campus
1228 2060 74 28 can
1317 2046 110 43 make
1439 2047 31 39 is
1488 2052 36 35 to
1539 2046 123 57 spend

225 2121 63 36 too
299 2115 118 43 much
433 2117 94 39 time
537 2115 164 57 patting
713 2113 113 57 itself
831 2128 52 28 on
899 2113 65 43 the
976 2113 106 47 back,
1094 2113 82 41 and
1192 2117 60 38 too
1268 2113 101 39 little
1383 2113 94 39 time
1488 2113 175 54 striving

227 2186 36 38 to
280 2183 178 54 improve
474 2194 99 28 even
592 2194 118 28 more.
732 2180 123 41 There
871 2192 94 43 may
983 2178 44 43 be
1035 2178 83 57 few
1134 2191 93 44 easy
1243 2191 178 28 answers
1436 2191 44 27 as
1501 2183 39 35 to
1557 2176 106 41 what

224 2247 132 41 makes
375 2260 24 28 a
417 2252 113 52 great
554 2246 162 49 teacher,
739 2260 22 27 a
783 2258 98 43 poor
902 2244 162 49 teacher,
1087 2243 80 43 and
1187 2243 91 43 how
1296 2257 24 28 a
1342 2243 225 55 university
1591 2255 71 28 can

225 2326 169 43 sponsor
406 2312 82 43 and
504 2313 178 54 improve
696 2313 52 39 its
765 2312 197 54 teaching.
981 2312 79 39 But
1074 2310 203 55 engaging
1291 2310 41 39 in
1348 2321 22 28 a
1384 2309 227 41 discussion
1627 2307 41 57 of

227 2378 107 41 these
348 2378 208 54 questions
573 2391 94 41 may
683 2376 46 43 be
742 2391 24 27 a
783 2381 87 50 step
888 2376 43 41 in
950 2375 65 43 the
1028 2375 109 57 right
1153 2375 205 43 direction.

206 2504 19 91 I
252 2540 170 55 ISSUE
452 2540 183 55 STAFF

225 2671 255 50 MICHAEL
499 2671 191 49 OATES
713 2669 227 50 PALMER

224 2737 263 49 ANDREW
504 2735 293 49 SCHULKIN

230 2802 227 50 EDITORS

228 2904 157 50 ROSS
408 2904 202 49 KRIBBS

231 2970 438 49 PHOTOGRAPHY
691 2970 198 47 EDITOR

231 3085 132 39 KATIE
381 3083 306 49 KRAUSKOPF,
704 3083 120 39 KATE
838 3082 235 49 MADDEN,
1088 3080 217 41 MICHOLE
1323 3080 263 41 SCHWARTZ

231 3139 419 43 PHOTOGRAPHERS

231 3217 117 41 BETH
367 3217 181 49 BERLIN,
565 3217 257 39 ELIZABETH
841 3216 225 47 LEMOND,
1080 3216 112 39 AMY
1208 3214 129 41 RYAN

233 3271 306 43 PRODUCTION

230 3351 276 41 JONATHAN
523 3351 172 49 KOSHI,
709 3350 164 41 MOLLY
887 3348 250 43 WANNING

230 3405 178 41 ARTISTS

233 3496 192 43 SPECIAL
439 3496 220 41 THANKS:

233 3551 104 39 Josh
353 3551 247 49 Albertson,
617 3550 191 41 Marshall
827 3550 137 50 Miller,
981 3548 88 41 and
1090 3548 110 41 Lock
1217 3548 142 41 Steele

233 3655 184 46 Teaching
431 3658 41 33 at
488 3655 134 36 Brown
639 3655 28 36 Is
682 3663 24 28 a
723 3655 241 44 publication
978 3654 47 36 of
1035 3654 77 36 The
1129 3654 131 36 Brown
1279 3652 96 43 Daily
1389 3652 151 36 Herald.
1559 3654 66 35 For

235 3721 109 28 more
361 3713 243 36 information
619 3721 47 28 or
679 3715 46 33 to
740 3713 102 35 offer
855 3713 205 35 feedback
1072 3721 55 27 on
1143 3712 74 36 this
1231 3712 143 44 special
1392 3712 113 44 issue,
1521 3712 104 36 write

235 3773 44 35 to
293 3773 74 35 The
384 3773 134 35 Brown
537 3772 96 43 Daily
649 3772 151 46 Herald,
820 3772 77 36 P.O.
917 3772 76 36 Box
1008 3770 120 46 2538,
1145 3772 82 35 East
1243 3770 88 36 Side
1348 3770 159 44 Station,

236 3830 250 46 Providence,
502 3830 137 36 Rhode
658 3830 132 46 Island,
808 3830 135 36 02906
959 3836 47 28 or
1020 3828 109 36 email
1146 3828 463 44 herald@netspace.or3.

235 3917 227 49 Copyright
479 3917 41 39 ©
540 3917 117 39 1995
672 3917 85 39 The
776 3918 150 38 Brown
946 3915 107 49 Daily
1069 3915 167 50 Herald,
1257 3915 79 41 Inc.

1765 441 340 57 CONTENTS

1724 578 320 55 FEATURES

2707 580 220 54 PAGES
2956 578 101 55 1-8

1724 687 277 60 Surveying
2019 687 83 44 the
2121 687 151 44 Field:
2313 691 38 39 A
2365 688 106 43 look
2485 696 46 35 at
2543 688 79 43 the
2636 688 329 55 methodology
2981 688 87 43 and

1723 757 238 52 meanings
1978 756 49 43 of
2036 756 79 43 the
2131 756 235 54 inaugural
2387 757 91 41 U.S.
2493 757 131 41 News
2635 756 216 54 teaching
2865 769 165 41 survey.

1726 825 55 50 By
1798 825 98 38 Tom
1918 825 180 46 Benson,
2120 825 107 50 Page
2247 825 17 36 1

1726 915 107 57 Just
1849 913 249 44 Rewards:
2143 917 123 41 Does
2282 915 77 43 the
2375 921 161 36 tenure
2550 929 187 41 process
2753 915 169 43 reward
2937 915 120 55 good

1729 983 228 55 teaching?
1975 987 57 52 By
2049 983 156 50 Joshua
2222 983 241 52 Weisbrod,
2483 987 109 52 Page
2611 987 24 38 2

1729 1074 285 44 Resistance
2031 1077 49 41 to
2099 1074 293 44 Assistants:
2433 1077 83 41 Are
2534 1077 157 41 Brown
2706 1076 254 55 professors
2976 1087 94 30 over-

1731 1143 165 55 relying
1912 1156 60 30 on
1986 1143 213 55 teaching
2213 1145 258 39 assistants?
2488 1148 57 50 By
2562 1146 123 38 Anne
2706 1146 203 47 Fentress,
2931 1146 106 52 Page
3055 1146 28 36 4

1724 1236 104 44 The
1847 1235 148 46 Good
2016 1235 98 44 and
2131 1235 85 44 the
2235 1235 118 44 Bad:
2378 1241 71 38 An
2463 1238 214 41 informal
2691 1238 107 41 look
2813 1244 46 35 at
2872 1236 206 55 qualities

1726 1306 208 44 students
1948 1306 131 43 value
2161 1306 91 43 and
2269 1306 181 55 despise
2534 1309 46 39 in
2595 1320 27 28 a
2636 1306 192 43 teacher.

1729 1376 54 49 By
1802 1372 192 43 Marcelo
2016 1372 153 50 Ballve,
2189 1375 109 50 Page
2318 1376 22 38 5

1728 1468 243 58 Learning
1987 1471 49 41 to
2054 1466 169 44 Teach:
2247 1469 132 41 What
2394 1482 233 28 resources
2644 1469 113 41 does
2773 1471 157 39 Brown
2946 1468 170 54 provide

1728 1545 47 35 to
1789 1539 117 41 train
1920 1539 55 41 its
1991 1548 101 30 new
2106 1537 205 41 teachers
2329 1570 36 8 ...
2383 1537 91 41 and
2488 1537 117 54 keep
2620 1539 55 39 its
2690 1543 208 35 veterans
2913 1539 46 38 in
2975 1535 142 54 shape'

1731 1606 54 50 By
1803 1602 170 43 Celeste
1991 1602 236 50 Tarricone,
2247 1606 110 50 Page
2375 1605 25 38 6

1732 1701 233 58 Creating
1983 1715 27 30 a
2027 1701 378 44 Conversation:
2433 1704 69 39 An
2517 1704 231 41 interview
2761 1702 109 43 with
2885 1702 76 41 the
2978 1713 96 30 new

1734 1773 128 41 Dean
1879 1770 50 43 of
1939 1772 76 41 the
2030 1770 191 55 College,
2239 1770 205 43 Kenneth
2461 1770 145 43 Sacks.

1735 1841 55 50 By
1809 1836 183 43 Andrew
2011 1835 198 44 Schulkin
2228 1836 85 41 and
2332 1835 187 43 Michael
2540 1835 173 52 Palmer,
2735 1839 109 52 Page
2861 1839 27 38 8

1728 1950 581 57 CONVERSATIONS

2713 1948 220 58 PAGES
2962 1948 159 57 10-3!

1731 2077 170 46 Kamal
1915 2077 362 54 Abdel-Malek,
2293 2077 176 44 Arabic

1734 2145 54 52 By
1806 2140 112 43 Alisa
1939 2145 224 46 Newman,
2183 2143 109 54 Page
2310 2143 46 39 11

1731 2228 142 46 Mark
1888 2230 128 50 Bear,
2033 2230 356 44 Neuroscience

1735 2296 55 52 By
1809 2294 137 39 Stuart
1964 2291 231 57 Weisberg,
2217 2294 109 54 Page
2346 2294 54 38 12

1732 2383 224 46 Caroline
1973 2384 145 58 Karp,
2135 2383 395 46 Environmental
2548 2383 194 44 Studies

1735 2450 55 19 D.,
2172 2449 24 17 n
2299 2449 16 17 -1
2332 2449 17 17 A

1735 2469 50 31 uj
1808 2469 121 17 mine
1948 2469 9 17 1
1975 2469 175 25 CIIUC99;
2172 2469 16 17 r
2200 2469 79 31 age
2309 2468 6 33 1
2329 2468 25 19 ‘t

1732 2539 156 44 Pierre
1906 2535 364 54 Saint-Amand,
2288 2535 181 46 French
2485 2535 194 46 Studies

1737 2603 55 52 By
1811 2598 183 43 Ludovic
2014 2598 142 52 Hood,
2176 2602 109 52 Page
2306 2602 54 39 16

1734 2688 157 44 Karen
1909 2687 197 52 Fischer,
2123 2687 224 61 Geology

1737 2754 55 52 By
1809 2754 121 52 Mary
1948 2748 238 52 Swerczek,
2206 2753 109 54 Page
2335 2753 55 38 17

1732 2841 123 57 John
1869 2843 203 50 Tomasi,
2090 2841 214 46 Political
2321 2841 192 46 Science

1739 2907 55 52 By
1811 2907 121 39 Anne
1953 2904 195 52 Holinka,
2169 2906 109 54 Page
2298 2907 55 39 18

1737 2994 151 46 Leslie
1906 2992 268 61 Kaelbling,
2189 2994 272 60 Computer
2477 2994 194 44 Science

1740 3060 55 54 By
1816 3055 187 44 Heather
2024 3060 94 47 Fox,
2137 3060 107 52 Page
2263 3060 58 38 20

1735 3140 123 57 John
1872 3139 225 54 Thomas,
2117 3140 200 60 History

1740 3208 57 52 By
1814 3202 186 43 Michael
2020 3202 172 52 Palmer,
2214 3206 109 52 Page
2340 3206 55 36 22

1740 3293 134 44 Peter
1890 3290 276 61 Heywood,
2183 3290 202 61 Biology

1742 3356 57 52 By
1817 3353 140 41 Rekha
1975 3351 183 57 Murthy,
2178 3356 109 52 Page
2306 3356 57 38 24

1740 3430 123 43 Rose
1880 3425 250 54 Subotnik,
2148 3428 161 44 Music

1743 3494 55 52 By
1817 3488 104 44 Beth
1943 3488 150 52 Berlin,
2113 3493 109 52 Page
2239 3493 57 38 26

1740 3573 156 61 Clyde
1913 3575 175 50 Briant,
2106 3575 323 60 Engineering

1745 3641 55 50 By
1817 3635 183 52 Jennifer
2020 3635 115 52 Park,
2157 3639 107 52 Page
2282 3639 58 38 28

1742 3720 102 43 Tori
1861 3715 376 61 Haring-Smith,
2255 3715 200 61 English
2472 3715 99 46 and
2587 3715 203 46 Theatre
2805 3718 112 43 Arts

1746 3783 54 52 By
1817 3778 184 50 Jennifer
2022 3778 115 50 Park,
2157 3783 107 52 Page
2283 3783 57 38 30

1742 3857 209 46 William
1965 3855 176 54 Keach,
2159 3855 198 61 English

1746 3923 55 49 By
1819 3918 202 43 Marshall
2041 3918 150 52 Miller,
2209 3921 109 50 Page
2339 3921 46 39 31

211 36 1227 277 Teaching
1507 52 277 225 at
1865 43 961 235 Brown*

1452 321 47 54 A
1523 321 272 54 SPECIAL
1827 321 183 54 ISSUE
2038 321 94 54 OF
2159 321 137 54 THE
2328 321 282 54 BROWN
2644 321 203 54 DAILY
2877 321 249 54 HERALI
