<?xml version="1.0" encoding="UTF-8"?>
<alto xmlns:xsi="http://www.w3.org/2001/XMLSchema-instance" xmlns="http://www.loc.gov/standards/alto/ns-v2#" xsi:schemaLocation="http://www.loc.gov/standards/alto/ns-v2# http://www.loc.gov/standards/alto/v2/alto-2-0.xsd" xmlns:xlink="http://www.w3.org/1999/xlink">
	<Description>
		<MeasurementUnit>pixel</MeasurementUnit>
		<sourceImageInformation>
			<fileName>../11_03/BDH_1995_12_11_00016.jp2</fileName>
		</sourceImageInformation>
		<OCRProcessing ID="OCRPROCESSING_1">
			<preProcessingStep>
				<processingSoftware>
					<softwareCreator>CCS Content Conversion Specialists GmbH, Germany</softwareCreator>
					<softwareName>CCS docWorks</softwareName>
					<softwareVersion>7.0-1.4</softwareVersion>
				</processingSoftware>
			</preProcessingStep>
			<ocrProcessingStep>
				<processingSoftware>
					<softwareCreator>ABBYY (BIT Software), Russia</softwareCreator>
					<softwareName>FineReader</softwareName>
					<softwareVersion>11.0</softwareVersion>
				</processingSoftware>
			</ocrProcessingStep>
			<postProcessingStep>
				<processingSoftware>
					<softwareCreator>CCS Content Conversion Specialists GmbH, Germany</softwareCreator>
					<softwareName>CCS docWorks</softwareName>
					<softwareVersion>7.0-1.4</softwareVersion>
					<applicationDescription>docWorks: Text modified manually, or automatically replaced</applicationDescription>
				</processingSoftware>
			</postProcessingStep>
		</OCRProcessing>
	</Description>
	<Styles>
		<TextStyle ID="TXT_0" FONTSIZE="11" FONTFAMILY="Times New Roman"/>
		<TextStyle ID="TXT_1" FONTSIZE="48" FONTFAMILY="Times New Roman"/>
		<TextStyle ID="TXT_2" FONTSIZE="15" FONTFAMILY="Times New Roman" FONTSTYLE="bold italics"/>
		<TextStyle ID="TXT_3" FONTSIZE="9" FONTFAMILY="Times New Roman" FONTSTYLE="italics"/>
		<TextStyle ID="TXT_4" FONTSIZE="9" FONTFAMILY="Times New Roman" FONTSTYLE="bold"/>
		<TextStyle ID="TXT_5" FONTSIZE="9" FONTFAMILY="Times New Roman"/>
		<TextStyle ID="TXT_6" FONTSIZE="10" FONTFAMILY="Times New Roman"/>
		<TextStyle ID="TXT_7" FONTSIZE="9" FONTFAMILY="Arial" FONTSTYLE="bold"/>
		<TextStyle ID="TXT_8" FONTSIZE="6" FONTFAMILY="Times New Roman"/>
		<TextStyle ID="TXT_9" FONTSIZE="7" FONTFAMILY="Times New Roman"/>
		<TextStyle ID="TXT_10" FONTSIZE="37" FONTFAMILY="Arial"/>
		<ParagraphStyle ID="PAR_LEFT" ALIGN="Left"/>
		<ParagraphStyle ID="PAR_BLOCK" ALIGN="Block"/>
		<ParagraphStyle ID="PAR_RIGHT" ALIGN="Right"/>
		<ParagraphStyle ID="PAR_CENTER" ALIGN="Center"/>
	</Styles>
	<Layout>
		<Page ID="P16" PHYSICAL_IMG_NR="16" HEIGHT="4141" WIDTH="3126" PRINTED_IMG_NR="14" PC="0.956">
			<TopMargin ID="P16_TM00001" HPOS="0" VPOS="0" WIDTH="3126" HEIGHT="16"/>
			<LeftMargin ID="P16_LM00001" HPOS="0" VPOS="16" WIDTH="107" HEIGHT="4047"/>
			<RightMargin ID="P16_RM00001" HPOS="3082" VPOS="16" WIDTH="44" HEIGHT="4047"/>
			<BottomMargin ID="P16_BM00001" HPOS="0" VPOS="4063" WIDTH="3126" HEIGHT="79"/>
			<PrintSpace ID="P16_PS00001" HPOS="107" VPOS="16" WIDTH="2975" HEIGHT="4047">
				<TextBlock ID="P16_TB00001" HPOS="159" VPOS="55" WIDTH="924" HEIGHT="104" language="en" STYLEREFS="TXT_0 PAR_LEFT">
					<TextLine ID="P16_TL00001" HPOS="167" VPOS="82" WIDTH="820" HEIGHT="62">
						<String ID="P16_ST00001" HPOS="167" VPOS="87" WIDTH="545" HEIGHT="57" CONTENT="ENVIRONMENTAL" WC="1.00" CC="0306002500004"/>
						<SP ID="P16_SP00001" HPOS="712" VPOS="143" WIDTH="25"/>
						<String ID="P16_ST00002" HPOS="737" VPOS="82" WIDTH="250" HEIGHT="58" CONTENT="STUDIES" WC="1.00" CC="0001600"/>
					</TextLine>
				</TextBlock>
				<TextBlock ID="P16_TB00002" HPOS="135" VPOS="222" WIDTH="1690" HEIGHT="219" language="en" STYLEREFS="TXT_1 PAR_LEFT">
					<TextLine ID="P16_TL00002" HPOS="143" VPOS="222" WIDTH="1504" HEIGHT="219">
						<String ID="P16_ST00003" HPOS="143" VPOS="224" WIDTH="912" HEIGHT="192" CONTENT="Caroline" WC="1.00" CC="70000000"/>
						<SP ID="P16_SP00002" HPOS="1055" VPOS="416" WIDTH="58"/>
						<String ID="P16_ST00004" HPOS="1113" VPOS="222" WIDTH="534" HEIGHT="219" CONTENT="Karp" WC="1.00" CC="0020"/>
					</TextLine>
				</TextBlock>
				<TextBlock ID="P16_TB00003" HPOS="123" VPOS="460" WIDTH="1794" HEIGHT="279" language="en" STYLEREFS="TXT_2 PAR_LEFT">
					<TextLine ID="P16_TL00003" HPOS="146" VPOS="471" WIDTH="1673" HEIGHT="83">
						<String ID="P16_ST00005" HPOS="146" VPOS="485" WIDTH="83" HEIGHT="57" CONTENT="â€œIt" WC="0.97" CC="800"/>
						<SP ID="P16_SP00003" HPOS="230" VPOS="542" WIDTH="17"/>
						<String ID="P16_ST00006" HPOS="247" VPOS="482" WIDTH="213" HEIGHT="60" CONTENT="would" WC="1.00" CC="30000"/>
						<SP ID="P16_SP00004" HPOS="460" VPOS="542" WIDTH="19"/>
						<String ID="P16_ST00007" HPOS="479" VPOS="482" WIDTH="79" HEIGHT="57" CONTENT="be" WC="1.00" CC="00"/>
						<SP ID="P16_SP00005" HPOS="557" VPOS="542" WIDTH="16"/>
						<String ID="P16_ST00008" HPOS="573" VPOS="482" WIDTH="178" HEIGHT="72" CONTENT="quite" WC="0.99" CC="30000"/>
						<SP ID="P16_SP00006" HPOS="751" VPOS="554" WIDTH="19"/>
						<String ID="P16_ST00009" HPOS="770" VPOS="498" WIDTH="148" HEIGHT="55" CONTENT="easy" WC="0.99" CC="0002"/>
						<SP ID="P16_SP00007" HPOS="918" VPOS="554" WIDTH="20"/>
						<String ID="P16_ST00010" HPOS="939" VPOS="487" WIDTH="61" HEIGHT="49" CONTENT="to" WC="1.00" CC="00"/>
						<SP ID="P16_SP00008" HPOS="1000" VPOS="554" WIDTH="22"/>
						<String ID="P16_ST00011" HPOS="1022" VPOS="476" WIDTH="230" HEIGHT="58" CONTENT="lecture" WC="1.00" CC="0000000"/>
						<SP ID="P16_SP00009" HPOS="1252" VPOS="554" WIDTH="20"/>
						<String ID="P16_ST00012" HPOS="1272" VPOS="491" WIDTH="83" HEIGHT="41" CONTENT="on" WC="1.00" CC="00"/>
						<SP ID="P16_SP00010" HPOS="1356" VPOS="554" WIDTH="22"/>
						<String ID="P16_ST00013" HPOS="1378" VPOS="474" WIDTH="123" HEIGHT="57" CONTENT="this" WC="1.00" CC="0000"/>
						<SP ID="P16_SP00011" HPOS="1501" VPOS="554" WIDTH="20"/>
						<String ID="P16_ST00014" HPOS="1521" VPOS="471" WIDTH="298" HEIGHT="58" CONTENT="material" WC="1.00" CC="05000050"/>
					</TextLine>
					<TextLine ID="P16_TL00004" HPOS="143" VPOS="564" WIDTH="1773" HEIGHT="84">
						<String ID="P16_ST00015" HPOS="143" VPOS="572" WIDTH="272" HEIGHT="76" CONTENT="through" WC="1.00" CC="0000000"/>
						<SP ID="P16_SP00012" HPOS="416" VPOS="647" WIDTH="22"/>
						<String ID="P16_ST00016" HPOS="438" VPOS="572" WIDTH="106" HEIGHT="58" CONTENT="the" WC="1.00" CC="100"/>
						<SP ID="P16_SP00013" HPOS="543" VPOS="647" WIDTH="17"/>
						<String ID="P16_ST00017" HPOS="561" VPOS="573" WIDTH="288" HEIGHT="74" CONTENT="primary" WC="1.00" CC="5000000"/>
						<SP ID="P16_SP00014" HPOS="849" VPOS="647" WIDTH="17"/>
						<String ID="P16_ST00018" HPOS="866" VPOS="565" WIDTH="331" HEIGHT="61" CONTENT="historical" WC="1.00" CC="0000000060"/>
						<SP ID="P16_SP00015" HPOS="1197" VPOS="647" WIDTH="20"/>
						<String ID="P16_ST00019" HPOS="1217" VPOS="564" WIDTH="230" HEIGHT="68" CONTENT="record," WC="1.00" CC="0100002"/>
						<SP ID="P16_SP00016" HPOS="1447" VPOS="647" WIDTH="20"/>
						<String ID="P16_ST00020" HPOS="1468" VPOS="564" WIDTH="120" HEIGHT="58" CONTENT="but" WC="1.00" CC="000"/>
						<SP ID="P16_SP00017" HPOS="1587" VPOS="647" WIDTH="17"/>
						<String ID="P16_ST00021" HPOS="1605" VPOS="564" WIDTH="50" HEIGHT="57" CONTENT="it" WC="1.00" CC="00"/>
						<SP ID="P16_SP00018" HPOS="1655" VPOS="647" WIDTH="17"/>
						<String ID="P16_ST00022" HPOS="1672" VPOS="564" WIDTH="50" HEIGHT="57" CONTENT="is" WC="1.00" CC="00"/>
						<SP ID="P16_SP00019" HPOS="1723" VPOS="647" WIDTH="20"/>
						<String ID="P16_ST00023" HPOS="1743" VPOS="578" WIDTH="173" HEIGHT="41" CONTENT="more" WC="1.00" CC="0001"/>
					</TextLine>
					<TextLine ID="P16_TL00005" HPOS="140" VPOS="654" WIDTH="1743" HEIGHT="85">
						<String ID="P16_ST00024" HPOS="140" VPOS="665" WIDTH="318" HEIGHT="74" CONTENT="engaging" WC="0.98" CC="02508803"/>
						<SP ID="P16_SP00020" HPOS="458" VPOS="739" WIDTH="16"/>
						<String ID="P16_ST00025" HPOS="474" VPOS="672" WIDTH="63" HEIGHT="47" CONTENT="to" WC="0.96" CC="00"/>
						<SP ID="P16_SP00021" HPOS="537" VPOS="739" WIDTH="19"/>
						<String ID="P16_ST00026" HPOS="556" VPOS="680" WIDTH="102" HEIGHT="39" CONTENT="see" WC="1.00" CC="000"/>
						<SP ID="P16_SP00022" HPOS="658" VPOS="739" WIDTH="19"/>
						<String ID="P16_ST00027" HPOS="677" VPOS="661" WIDTH="145" HEIGHT="57" CONTENT="that" WC="1.00" CC="0000"/>
						<SP ID="P16_SP00023" HPOS="822" VPOS="739" WIDTH="19"/>
						<String ID="P16_ST00028" HPOS="841" VPOS="657" WIDTH="276" HEIGHT="76" CONTENT="through" WC="1.00" CC="0000000"/>
						<SP ID="P16_SP00024" HPOS="1117" VPOS="739" WIDTH="20"/>
						<String ID="P16_ST00029" HPOS="1137" VPOS="657" WIDTH="106" HEIGHT="58" CONTENT="the" WC="0.99" CC="003"/>
						<SP ID="P16_SP00025" HPOS="1243" VPOS="739" WIDTH="17"/>
						<String ID="P16_ST00030" HPOS="1260" VPOS="674" WIDTH="135" HEIGHT="57" CONTENT="eyes" WC="1.00" CC="0000"/>
						<SP ID="P16_SP00026" HPOS="1395" VPOS="739" WIDTH="20"/>
						<String ID="P16_ST00031" HPOS="1416" VPOS="655" WIDTH="77" HEIGHT="74" CONTENT="of" WC="1.00" CC="00"/>
						<SP ID="P16_SP00027" HPOS="1493" VPOS="739" WIDTH="3"/>
						<String ID="P16_ST00032" HPOS="1496" VPOS="672" WIDTH="43" HEIGHT="39" CONTENT="a" WC="1.00" CC="0"/>
						<SP ID="P16_SP00028" HPOS="1539" VPOS="739" WIDTH="19"/>
						<String ID="P16_ST00033" HPOS="1557" VPOS="654" WIDTH="326" HEIGHT="57" CONTENT="character" WC="1.00" CC="005000006"/>
					</TextLine>
				</TextBlock>
				<TextBlock ID="P16_TB00004" HPOS="107" VPOS="794" WIDTH="969" HEIGHT="447" language="en" STYLEREFS="TXT_3 PAR_BLOCK">
					<TextLine ID="P16_TL00006" HPOS="137" VPOS="794" WIDTH="928" HEIGHT="52">
						<String ID="P16_ST00034" HPOS="137" VPOS="795" WIDTH="74" HEIGHT="38" CONTENT="The" WC="1.00" CC="000"/>
						<SP ID="P16_SP00029" HPOS="211" VPOS="833" WIDTH="13"/>
						<String ID="P16_ST00035" HPOS="224" VPOS="794" WIDTH="145" HEIGHT="52" CONTENT="sparkle" WC="1.00" CC="0230000"/>
						<SP ID="P16_SP00030" HPOS="369" VPOS="846" WIDTH="16"/>
						<String ID="P16_ST00036" HPOS="384" VPOS="795" WIDTH="38" HEIGHT="35" CONTENT="in" WC="0.80" CC="04"/>
						<SP ID="P16_SP00031" HPOS="422" VPOS="846" WIDTH="17"/>
						<String ID="P16_ST00037" HPOS="439" VPOS="794" WIDTH="191" HEIGHT="49" CONTENT="Professor" WC="1.00" CC="000000000"/>
						<SP ID="P16_SP00032" HPOS="630" VPOS="846" WIDTH="16"/>
						<String ID="P16_ST00038" HPOS="646" VPOS="794" WIDTH="173" HEIGHT="36" CONTENT="Caroline" WC="1.00" CC="09000000"/>
						<SP ID="P16_SP00033" HPOS="819" VPOS="846" WIDTH="16"/>
						<String ID="P16_ST00039" HPOS="835" VPOS="794" WIDTH="129" HEIGHT="46" CONTENT="Karp's" WC="0.99" CC="050900"/>
						<SP ID="P16_SP00034" HPOS="964" VPOS="846" WIDTH="17"/>
						<String ID="P16_ST00040" HPOS="981" VPOS="800" WIDTH="83" HEIGHT="39" CONTENT="eyes" WC="0.98" CC="0630"/>
					</TextLine>
					<TextLine ID="P16_TL00007" HPOS="135" VPOS="846" WIDTH="930" HEIGHT="57">
						<String ID="P16_ST00041" HPOS="135" VPOS="854" WIDTH="33" HEIGHT="38" CONTENT="is" WC="1.00" CC="00"/>
						<SP ID="P16_SP00035" HPOS="169" VPOS="891" WIDTH="22"/>
						<String ID="P16_ST00042" HPOS="191" VPOS="861" WIDTH="20" HEIGHT="28" CONTENT="a" WC="1.00" CC="9"/>
						<SP ID="P16_SP00036" HPOS="211" VPOS="891" WIDTH="25"/>
						<String ID="P16_ST00043" HPOS="236" VPOS="850" WIDTH="192" HEIGHT="52" CONTENT="reflection" WC="1.00" CC="0000005038"/>
						<SP ID="P16_SP00037" HPOS="428" VPOS="902" WIDTH="25"/>
						<String ID="P16_ST00044" HPOS="454" VPOS="849" WIDTH="44" HEIGHT="50" CONTENT="of" WC="0.96" CC="00"/>
						<SP ID="P16_SP00038" HPOS="498" VPOS="902" WIDTH="17"/>
						<String ID="P16_ST00045" HPOS="515" VPOS="849" WIDTH="60" HEIGHT="38" CONTENT="the" WC="1.00" CC="000"/>
						<SP ID="P16_SP00039" HPOS="575" VPOS="902" WIDTH="14"/>
						<String ID="P16_ST00046" HPOS="589" VPOS="849" WIDTH="96" HEIGHT="50" CONTENT="fires" WC="1.00" CC="00030"/>
						<SP ID="P16_SP00040" HPOS="685" VPOS="902" WIDTH="24"/>
						<String ID="P16_ST00047" HPOS="709" VPOS="847" WIDTH="66" HEIGHT="38" CONTENT="she" WC="1.00" CC="000"/>
						<SP ID="P16_SP00041" HPOS="775" VPOS="902" WIDTH="24"/>
						<String ID="P16_ST00048" HPOS="798" VPOS="847" WIDTH="117" HEIGHT="50" CONTENT="lights" WC="1.00" CC="005000"/>
						<SP ID="P16_SP00042" HPOS="915" VPOS="902" WIDTH="27"/>
						<String ID="P16_ST00049" HPOS="942" VPOS="847" WIDTH="36" HEIGHT="35" CONTENT="in" WC="0.97" CC="00"/>
						<SP ID="P16_SP00043" HPOS="978" VPOS="902" WIDTH="27"/>
						<String ID="P16_ST00050" HPOS="1005" VPOS="846" WIDTH="60" HEIGHT="36" CONTENT="the" WC="1.00" CC="000"/>
					</TextLine>
					<TextLine ID="P16_TL00008" HPOS="134" VPOS="902" WIDTH="931" HEIGHT="57">
						<String ID="P16_ST00051" HPOS="134" VPOS="909" WIDTH="129" HEIGHT="38" CONTENT="minds" WC="0.99" CC="00500"/>
						<SP ID="P16_SP00044" HPOS="263" VPOS="946" WIDTH="13"/>
						<String ID="P16_ST00052" HPOS="276" VPOS="909" WIDTH="43" HEIGHT="50" CONTENT="of" WC="0.98" CC="00"/>
						<SP ID="P16_SP00045" HPOS="318" VPOS="959" WIDTH="8"/>
						<String ID="P16_ST00053" HPOS="326" VPOS="909" WIDTH="65" HEIGHT="36" CONTENT="her" WC="1.00" CC="000"/>
						<SP ID="P16_SP00046" HPOS="391" VPOS="959" WIDTH="14"/>
						<String ID="P16_ST00054" HPOS="405" VPOS="907" WIDTH="186" HEIGHT="36" CONTENT="students." WC="1.00" CC="003000000"/>
						<SP ID="P16_SP00047" HPOS="591" VPOS="959" WIDTH="30"/>
						<String ID="P16_ST00055" HPOS="620" VPOS="907" WIDTH="33" HEIGHT="36" CONTENT="A" WC="1.00" CC="0"/>
						<SP ID="P16_SP00048" HPOS="654" VPOS="959" WIDTH="17"/>
						<String ID="P16_ST00056" HPOS="671" VPOS="917" WIDTH="115" HEIGHT="27" CONTENT="warm" WC="0.98" CC="3500"/>
						<SP ID="P16_SP00049" HPOS="786" VPOS="959" WIDTH="13"/>
						<String ID="P16_ST00057" HPOS="798" VPOS="906" WIDTH="87" HEIGHT="49" CONTENT="grin" WC="0.98" CC="7010"/>
						<SP ID="P16_SP00050" HPOS="885" VPOS="959" WIDTH="20"/>
						<String ID="P16_ST00058" HPOS="906" VPOS="902" WIDTH="159" HEIGHT="38" CONTENT="radiates" WC="1.00" CC="03005000"/>
					</TextLine>
					<TextLine ID="P16_TL00009" HPOS="129" VPOS="959" WIDTH="934" HEIGHT="58">
						<String ID="P16_ST00059" HPOS="129" VPOS="959" WIDTH="107" HEIGHT="58" CONTENT="froni" WC="0.55" CC="09058"/>
						<SP ID="P16_SP00051" HPOS="236" VPOS="1017" WIDTH="5"/>
						<String ID="P16_ST00060" HPOS="241" VPOS="965" WIDTH="65" HEIGHT="39" CONTENT="her" WC="1.00" CC="000"/>
						<SP ID="P16_SP00052" HPOS="306" VPOS="1017" WIDTH="3"/>
						<String ID="P16_ST00061" HPOS="309" VPOS="964" WIDTH="83" HEIGHT="52" CONTENT="face" WC="0.98" CC="0620"/>
						<SP ID="P16_SP00053" HPOS="392" VPOS="1017" WIDTH="13"/>
						<String ID="P16_ST00062" HPOS="405" VPOS="964" WIDTH="85" HEIGHT="38" CONTENT="each" WC="0.99" CC="1300"/>
						<SP ID="P16_SP00054" HPOS="490" VPOS="1017" WIDTH="14"/>
						<String ID="P16_ST00063" HPOS="504" VPOS="965" WIDTH="87" HEIGHT="36" CONTENT="time" WC="1.00" CC="2000"/>
						<SP ID="P16_SP00055" HPOS="591" VPOS="1017" WIDTH="13"/>
						<String ID="P16_ST00064" HPOS="603" VPOS="976" WIDTH="19" HEIGHT="24" CONTENT="a" WC="0.35" CC="6"/>
						<SP ID="P16_SP00056" HPOS="622" VPOS="1017" WIDTH="13"/>
						<String ID="P16_ST00065" HPOS="635" VPOS="962" WIDTH="153" HEIGHT="38" CONTENT="student" WC="1.00" CC="0030000"/>
						<SP ID="P16_SP00057" HPOS="787" VPOS="1017" WIDTH="16"/>
						<String ID="P16_ST00066" HPOS="803" VPOS="961" WIDTH="260" HEIGHT="38" CONTENT="understands." WC="1.00" CC="000000340000"/>
					</TextLine>
					<TextLine ID="P16_TL00010" HPOS="135" VPOS="1017" WIDTH="931" HEIGHT="55">
						<String ID="P16_ST00067" HPOS="135" VPOS="1024" WIDTH="63" HEIGHT="38" CONTENT="An" WC="0.51" CC="09"/>
						<SP ID="P16_SP00058" HPOS="198" VPOS="1061" WIDTH="14"/>
						<String ID="P16_ST00068" HPOS="213" VPOS="1035" WIDTH="90" HEIGHT="25" CONTENT="even" WC="0.96" CC="4209"/>
						<SP ID="P16_SP00059" HPOS="302" VPOS="1061" WIDTH="16"/>
						<String ID="P16_ST00069" HPOS="318" VPOS="1033" WIDTH="156" HEIGHT="25" CONTENT="warmer" WC="0.99" CC="600000"/>
						<SP ID="P16_SP00060" HPOS="474" VPOS="1061" WIDTH="11"/>
						<String ID="P16_ST00070" HPOS="485" VPOS="1022" WIDTH="87" HEIGHT="50" CONTENT="grin" WC="0.98" CC="7001"/>
						<SP ID="P16_SP00061" HPOS="572" VPOS="1072" WIDTH="16"/>
						<String ID="P16_ST00071" HPOS="587" VPOS="1030" WIDTH="156" HEIGHT="41" CONTENT="appears" WC="1.00" CC="1000010"/>
						<SP ID="P16_SP00062" HPOS="743" VPOS="1072" WIDTH="16"/>
						<String ID="P16_ST00072" HPOS="759" VPOS="1019" WIDTH="106" HEIGHT="38" CONTENT="when" WC="0.96" CC="5037"/>
						<SP ID="P16_SP00063" HPOS="865" VPOS="1072" WIDTH="16"/>
						<String ID="P16_ST00073" HPOS="880" VPOS="1017" WIDTH="96" HEIGHT="38" CONTENT="class" WC="1.00" CC="00300"/>
						<SP ID="P16_SP00064" HPOS="976" VPOS="1072" WIDTH="14"/>
						<String ID="P16_ST00074" HPOS="991" VPOS="1017" WIDTH="57" HEIGHT="36" CONTENT="dis" SUBS_TYPE="HypPart1" SUBS_CONTENT="discussion" WC="1.00" CC="000"/>
						<HYP HPOS="1047" VPOS="1017" WIDTH="19" CONTENT="-"/>
					</TextLine>
					<TextLine ID="P16_TL00011" HPOS="139" VPOS="1074" WIDTH="928" HEIGHT="55">
						<String ID="P16_ST00075" HPOS="139" VPOS="1082" WIDTH="151" HEIGHT="36" CONTENT="cussion" SUBS_TYPE="HypPart2" SUBS_CONTENT="discussion" WC="1.00" CC="0300000"/>
						<SP ID="P16_SP00065" HPOS="290" VPOS="1118" WIDTH="17"/>
						<String ID="P16_ST00076" HPOS="307" VPOS="1080" WIDTH="99" HEIGHT="36" CONTENT="takes" WC="0.99" CC="04000"/>
						<SP ID="P16_SP00066" HPOS="406" VPOS="1118" WIDTH="27"/>
						<String ID="P16_ST00077" HPOS="433" VPOS="1091" WIDTH="47" HEIGHT="25" CONTENT="on" WC="0.94" CC="10"/>
						<SP ID="P16_SP00067" HPOS="480" VPOS="1118" WIDTH="16"/>
						<String ID="P16_ST00078" HPOS="496" VPOS="1091" WIDTH="19" HEIGHT="25" CONTENT="a" WC="0.61" CC="3"/>
						<SP ID="P16_SP00068" HPOS="515" VPOS="1118" WIDTH="17"/>
						<String ID="P16_ST00079" HPOS="532" VPOS="1077" WIDTH="63" HEIGHT="52" CONTENT="life" WC="1.00" CC="0000"/>
						<SP ID="P16_SP00069" HPOS="595" VPOS="1129" WIDTH="13"/>
						<String ID="P16_ST00080" HPOS="608" VPOS="1077" WIDTH="43" HEIGHT="50" CONTENT="of" WC="1.00" CC="00"/>
						<SP ID="P16_SP00070" HPOS="650" VPOS="1129" WIDTH="9"/>
						<String ID="P16_ST00081" HPOS="660" VPOS="1079" WIDTH="49" HEIGHT="36" CONTENT="its" WC="1.00" CC="000"/>
						<SP ID="P16_SP00071" HPOS="709" VPOS="1129" WIDTH="16"/>
						<String ID="P16_ST00082" HPOS="724" VPOS="1088" WIDTH="94" HEIGHT="25" CONTENT="own." WC="0.99" CC="1300"/>
						<SP ID="P16_SP00072" HPOS="819" VPOS="1129" WIDTH="20"/>
						<String ID="P16_ST00083" HPOS="839" VPOS="1074" WIDTH="102" HEIGHT="39" CONTENT="She's" WC="1.00" CC="00020"/>
						<SP ID="P16_SP00073" HPOS="942" VPOS="1129" WIDTH="14"/>
						<String ID="P16_ST00084" HPOS="956" VPOS="1087" WIDTH="20" HEIGHT="25" CONTENT="a" WC="0.50" CC="4"/>
						<SP ID="P16_SP00074" HPOS="976" VPOS="1129" WIDTH="16"/>
						<String ID="P16_ST00085" HPOS="992" VPOS="1074" WIDTH="57" HEIGHT="36" CONTENT="dis" SUBS_TYPE="HypPart1" SUBS_CONTENT="disciple" WC="1.00" CC="000"/>
						<HYP HPOS="1049" VPOS="1074" WIDTH="17" CONTENT="-"/>
					</TextLine>
					<TextLine ID="P16_TL00012" HPOS="139" VPOS="1132" WIDTH="928" HEIGHT="55">
						<String ID="P16_ST00086" HPOS="139" VPOS="1137" WIDTH="94" HEIGHT="50" CONTENT="ciple" SUBS_TYPE="HypPart2" SUBS_CONTENT="disciple" WC="1.00" CC="00001"/>
						<SP ID="P16_SP00075" HPOS="233" VPOS="1187" WIDTH="19"/>
						<String ID="P16_ST00087" HPOS="252" VPOS="1142" WIDTH="65" HEIGHT="33" CONTENT="not" WC="0.97" CC="036"/>
						<SP ID="P16_SP00076" HPOS="317" VPOS="1187" WIDTH="19"/>
						<String ID="P16_ST00088" HPOS="335" VPOS="1135" WIDTH="90" HEIGHT="52" CONTENT="only" WC="0.97" CC="2009"/>
						<SP ID="P16_SP00077" HPOS="425" VPOS="1187" WIDTH="19"/>
						<String ID="P16_ST00089" HPOS="444" VPOS="1135" WIDTH="43" HEIGHT="52" CONTENT="of" WC="0.98" CC="00"/>
						<SP ID="P16_SP00078" HPOS="487" VPOS="1187" WIDTH="13"/>
						<String ID="P16_ST00090" HPOS="499" VPOS="1135" WIDTH="186" HEIGHT="50" CONTENT="teaching," WC="1.00" CC="000000090"/>
						<SP ID="P16_SP00079" HPOS="685" VPOS="1187" WIDTH="24"/>
						<String ID="P16_ST00091" HPOS="709" VPOS="1135" WIDTH="65" HEIGHT="35" CONTENT="but" WC="0.99" CC="002"/>
						<SP ID="P16_SP00080" HPOS="773" VPOS="1187" WIDTH="19"/>
						<String ID="P16_ST00092" HPOS="792" VPOS="1134" WIDTH="79" HEIGHT="36" CONTENT="also" WC="1.00" CC="0000"/>
						<SP ID="P16_SP00081" HPOS="871" VPOS="1187" WIDTH="20"/>
						<String ID="P16_ST00093" HPOS="891" VPOS="1132" WIDTH="43" HEIGHT="50" CONTENT="of" WC="0.94" CC="10"/>
						<SP ID="P16_SP00082" HPOS="934" VPOS="1187" WIDTH="13"/>
						<String ID="P16_ST00094" HPOS="946" VPOS="1132" WIDTH="101" HEIGHT="38" CONTENT="learn" SUBS_TYPE="HypPart1" SUBS_CONTENT="learning." WC="0.98" CC="15900"/>
						<HYP HPOS="1047" VPOS="1132" WIDTH="19" CONTENT="-"/>
					</TextLine>
					<TextLine ID="P16_TL00013" HPOS="137" VPOS="1197" WIDTH="77" HEIGHT="44">
						<String ID="P16_ST00095" HPOS="137" VPOS="1197" WIDTH="77" HEIGHT="44" CONTENT="ing." SUBS_TYPE="HypPart2" SUBS_CONTENT="learning." WC="0.97" CC="0390"/>
					</TextLine>
				</TextBlock>
				<TextBlock ID="P16_TB00005" HPOS="107" VPOS="1241" WIDTH="969" HEIGHT="1142" language="en" STYLEREFS="TXT_3 PAR_BLOCK">
					<TextLine ID="P16_TL00014" HPOS="198" VPOS="1246" WIDTH="869" HEIGHT="54">
						<String ID="P16_ST00096" HPOS="198" VPOS="1254" WIDTH="72" HEIGHT="36" CONTENT="But" WC="1.00" CC="000"/>
						<SP ID="P16_SP00083" HPOS="271" VPOS="1290" WIDTH="11"/>
						<String ID="P16_ST00097" HPOS="282" VPOS="1252" WIDTH="66" HEIGHT="38" CONTENT="she" WC="1.00" CC="000"/>
						<SP ID="P16_SP00084" HPOS="348" VPOS="1290" WIDTH="13"/>
						<String ID="P16_ST00098" HPOS="361" VPOS="1249" WIDTH="132" HEIGHT="39" CONTENT="wasn't" WC="1.00" CC="006000"/>
						<SP ID="P16_SP00085" HPOS="493" VPOS="1290" WIDTH="14"/>
						<String ID="P16_ST00099" HPOS="507" VPOS="1249" WIDTH="139" HEIGHT="50" CONTENT="always" WC="0.98" CC="009800"/>
						<SP ID="P16_SP00086" HPOS="646" VPOS="1299" WIDTH="13"/>
						<String ID="P16_ST00100" HPOS="658" VPOS="1261" WIDTH="20" HEIGHT="24" CONTENT="a" WC="1.00" CC="0"/>
						<SP ID="P16_SP00087" HPOS="679" VPOS="1299" WIDTH="16"/>
						<String ID="P16_ST00101" HPOS="694" VPOS="1247" WIDTH="150" HEIGHT="38" CONTENT="teacher." WC="1.00" CC="20000000"/>
						<SP ID="P16_SP00088" HPOS="844" VPOS="1299" WIDTH="17"/>
						<String ID="P16_ST00102" HPOS="861" VPOS="1247" WIDTH="109" HEIGHT="49" CONTENT="Karp," WC="0.99" CC="00090"/>
						<SP ID="P16_SP00089" HPOS="970" VPOS="1299" WIDTH="17"/>
						<String ID="P16_ST00103" HPOS="987" VPOS="1246" WIDTH="80" HEIGHT="36" CONTENT="who" WC="0.95" CC="804"/>
					</TextLine>
					<TextLine ID="P16_TL00015" HPOS="140" VPOS="1302" WIDTH="928" HEIGHT="57">
						<String ID="P16_ST00104" HPOS="140" VPOS="1309" WIDTH="65" HEIGHT="39" CONTENT="has" WC="1.00" CC="000"/>
						<SP ID="P16_SP00090" HPOS="205" VPOS="1348" WIDTH="19"/>
						<String ID="P16_ST00105" HPOS="224" VPOS="1321" WIDTH="50" HEIGHT="25" CONTENT="an" WC="1.00" CC="00"/>
						<SP ID="P16_SP00091" HPOS="274" VPOS="1348" WIDTH="20"/>
						<String ID="P16_ST00106" HPOS="294" VPOS="1307" WIDTH="302" HEIGHT="52" CONTENT="undergraduate" WC="1.00" CC="0000000000000"/>
						<SP ID="P16_SP00092" HPOS="597" VPOS="1359" WIDTH="20"/>
						<String ID="P16_ST00107" HPOS="617" VPOS="1307" WIDTH="131" HEIGHT="49" CONTENT="degree" WC="1.00" CC="000002"/>
						<SP ID="P16_SP00093" HPOS="748" VPOS="1359" WIDTH="20"/>
						<String ID="P16_ST00108" HPOS="769" VPOS="1307" WIDTH="38" HEIGHT="35" CONTENT="in" WC="1.00" CC="00"/>
						<SP ID="P16_SP00094" HPOS="806" VPOS="1359" WIDTH="24"/>
						<String ID="P16_ST00109" HPOS="830" VPOS="1304" WIDTH="157" HEIGHT="49" CONTENT="biology," WC="0.99" CC="00400090"/>
						<SP ID="P16_SP00095" HPOS="987" VPOS="1359" WIDTH="24"/>
						<String ID="P16_ST00110" HPOS="1011" VPOS="1302" WIDTH="38" HEIGHT="38" CONTENT="be" SUBS_TYPE="HypPart1" SUBS_CONTENT="began" WC="0.98" CC="60"/>
						<HYP HPOS="1049" VPOS="1302" WIDTH="19" CONTENT="-"/>
					</TextLine>
					<TextLine ID="P16_TL00016" HPOS="137" VPOS="1361" WIDTH="934" HEIGHT="55">
						<String ID="P16_ST00111" HPOS="137" VPOS="1378" WIDTH="79" HEIGHT="38" CONTENT="gan" SUBS_TYPE="HypPart2" SUBS_CONTENT="began" WC="0.98" CC="050"/>
						<SP ID="P16_SP00096" HPOS="216" VPOS="1416" WIDTH="27"/>
						<String ID="P16_ST00112" HPOS="243" VPOS="1365" WIDTH="68" HEIGHT="38" CONTENT="her" WC="1.00" CC="000"/>
						<SP ID="P16_SP00097" HPOS="310" VPOS="1416" WIDTH="24"/>
						<String ID="P16_ST00113" HPOS="334" VPOS="1376" WIDTH="131" HEIGHT="27" CONTENT="career" WC="1.00" CC="000000"/>
						<SP ID="P16_SP00098" HPOS="465" VPOS="1416" WIDTH="24"/>
						<String ID="P16_ST00114" HPOS="488" VPOS="1375" WIDTH="43" HEIGHT="25" CONTENT="as" WC="1.00" CC="00"/>
						<SP ID="P16_SP00099" HPOS="531" VPOS="1416" WIDTH="25"/>
						<String ID="P16_ST00115" HPOS="556" VPOS="1375" WIDTH="20" HEIGHT="25" CONTENT="a" WC="0.36" CC="6"/>
						<SP ID="P16_SP00100" HPOS="576" VPOS="1416" WIDTH="28"/>
						<String ID="P16_ST00116" HPOS="605" VPOS="1362" WIDTH="186" HEIGHT="50" CONTENT="biologist" WC="1.00" CC="004000000"/>
						<SP ID="P16_SP00101" HPOS="791" VPOS="1416" WIDTH="27"/>
						<String ID="P16_ST00117" HPOS="817" VPOS="1365" WIDTH="39" HEIGHT="31" CONTENT="at" WC="0.51" CC="90"/>
						<SP ID="P16_SP00102" HPOS="857" VPOS="1416" WIDTH="27"/>
						<String ID="P16_ST00118" HPOS="883" VPOS="1361" WIDTH="63" HEIGHT="36" CONTENT="the" WC="0.98" CC="400"/>
						<SP ID="P16_SP00103" HPOS="946" VPOS="1416" WIDTH="25"/>
						<String ID="P16_ST00119" HPOS="972" VPOS="1361" WIDTH="99" HEIGHT="35" CONTENT="MIT" WC="0.97" CC="042"/>
					</TextLine>
					<TextLine ID="P16_TL00017" HPOS="140" VPOS="1417" WIDTH="931" HEIGHT="57">
						<String ID="P16_ST00120" HPOS="140" VPOS="1420" WIDTH="198" HEIGHT="54" CONTENT="Edgerion" WC="0.76" CC="08000810"/>
						<SP ID="P16_SP00104" HPOS="339" VPOS="1474" WIDTH="30"/>
						<String ID="P16_ST00121" HPOS="369" VPOS="1420" WIDTH="191" HEIGHT="38" CONTENT="Research" WC="1.00" CC="04000000"/>
						<SP ID="P16_SP00105" HPOS="559" VPOS="1474" WIDTH="28"/>
						<String ID="P16_ST00122" HPOS="587" VPOS="1420" WIDTH="252" HEIGHT="47" CONTENT="Laboratory." WC="0.99" CC="08000640070"/>
						<SP ID="P16_SP00106" HPOS="839" VPOS="1474" WIDTH="30"/>
						<String ID="P16_ST00123" HPOS="869" VPOS="1417" WIDTH="74" HEIGHT="38" CONTENT="She" WC="1.00" CC="000"/>
						<SP ID="P16_SP00107" HPOS="943" VPOS="1474" WIDTH="25"/>
						<String ID="P16_ST00124" HPOS="969" VPOS="1417" WIDTH="102" HEIGHT="36" CONTENT="later" WC="0.99" CC="01113"/>
					</TextLine>
					<TextLine ID="P16_TL00018" HPOS="140" VPOS="1474" WIDTH="931" HEIGHT="43">
						<String ID="P16_ST00125" HPOS="140" VPOS="1479" WIDTH="131" HEIGHT="38" CONTENT="moved" WC="0.98" CC="23810"/>
						<SP ID="P16_SP00108" HPOS="271" VPOS="1517" WIDTH="16"/>
						<String ID="P16_ST00126" HPOS="287" VPOS="1482" WIDTH="36" HEIGHT="35" CONTENT="to" WC="0.90" CC="10"/>
						<SP ID="P16_SP00109" HPOS="323" VPOS="1517" WIDTH="14"/>
						<String ID="P16_ST00127" HPOS="337" VPOS="1479" WIDTH="74" HEIGHT="38" CONTENT="San" WC="0.99" CC="020"/>
						<SP ID="P16_SP00110" HPOS="411" VPOS="1517" WIDTH="16"/>
						<String ID="P16_ST00128" HPOS="427" VPOS="1479" WIDTH="197" HEIGHT="36" CONTENT="Francisco" WC="1.00" CC="540000000"/>
						<SP ID="P16_SP00111" HPOS="624" VPOS="1517" WIDTH="16"/>
						<String ID="P16_ST00129" HPOS="639" VPOS="1476" WIDTH="120" HEIGHT="38" CONTENT="where" WC="0.99" CC="20400"/>
						<SP ID="P16_SP00112" HPOS="759" VPOS="1517" WIDTH="13"/>
						<String ID="P16_ST00130" HPOS="772" VPOS="1474" WIDTH="65" HEIGHT="38" CONTENT="she" WC="1.00" CC="000"/>
						<SP ID="P16_SP00113" HPOS="836" VPOS="1517" WIDTH="16"/>
						<String ID="P16_ST00131" HPOS="852" VPOS="1474" WIDTH="145" HEIGHT="38" CONTENT="became" WC="1.00" CC="000000"/>
						<SP ID="P16_SP00114" HPOS="997" VPOS="1517" WIDTH="16"/>
						<String ID="P16_ST00132" HPOS="1013" VPOS="1474" WIDTH="58" HEIGHT="35" CONTENT="the" WC="1.00" CC="000"/>
					</TextLine>
					<TextLine ID="P16_TL00019" HPOS="143" VPOS="1532" WIDTH="928" HEIGHT="55">
						<String ID="P16_ST00133" HPOS="143" VPOS="1539" WIDTH="172" HEIGHT="38" CONTENT="Director" WC="1.00" CC="50004000"/>
						<SP ID="P16_SP00115" HPOS="315" VPOS="1576" WIDTH="11"/>
						<String ID="P16_ST00134" HPOS="326" VPOS="1535" WIDTH="44" HEIGHT="52" CONTENT="of" WC="0.78" CC="40"/>
						<SP ID="P16_SP00116" HPOS="370" VPOS="1587" WIDTH="8"/>
						<String ID="P16_ST00135" HPOS="378" VPOS="1535" WIDTH="60" HEIGHT="38" CONTENT="the" WC="0.98" CC="400"/>
						<SP ID="P16_SP00117" HPOS="438" VPOS="1587" WIDTH="16"/>
						<String ID="P16_ST00136" HPOS="454" VPOS="1535" WIDTH="88" HEIGHT="50" CONTENT="City" WC="0.99" CC="0040"/>
						<SP ID="P16_SP00118" HPOS="542" VPOS="1587" WIDTH="13"/>
						<String ID="P16_ST00137" HPOS="554" VPOS="1535" WIDTH="76" HEIGHT="36" CONTENT="and" WC="0.96" CC="900"/>
						<SP ID="P16_SP00119" HPOS="630" VPOS="1587" WIDTH="17"/>
						<String ID="P16_ST00138" HPOS="647" VPOS="1535" WIDTH="153" HEIGHT="47" CONTENT="County" WC="0.99" CC="000009"/>
						<SP ID="P16_SP00120" HPOS="800" VPOS="1587" WIDTH="14"/>
						<String ID="P16_ST00139" HPOS="814" VPOS="1532" WIDTH="43" HEIGHT="50" CONTENT="of" WC="0.87" CC="20"/>
						<SP ID="P16_SP00121" HPOS="857" VPOS="1587" WIDTH="8"/>
						<String ID="P16_ST00140" HPOS="865" VPOS="1534" WIDTH="76" HEIGHT="36" CONTENT="San" WC="0.95" CC="093"/>
						<SP ID="P16_SP00122" HPOS="940" VPOS="1587" WIDTH="14"/>
						<String ID="P16_ST00141" HPOS="954" VPOS="1532" WIDTH="94" HEIGHT="36" CONTENT="Fran" SUBS_TYPE="HypPart1" SUBS_CONTENT="Francisco" WC="1.00" CC="2000"/>
						<HYP HPOS="1049" VPOS="1532" WIDTH="22" CONTENT="-"/>
					</TextLine>
					<TextLine ID="P16_TL00020" HPOS="143" VPOS="1592" WIDTH="637" HEIGHT="51">
						<String ID="P16_ST00142" HPOS="143" VPOS="1595" WIDTH="96" HEIGHT="36" CONTENT="cisco" SUBS_TYPE="HypPart2" SUBS_CONTENT="Francisco" WC="1.00" CC="00000"/>
						<SP ID="P16_SP00123" HPOS="239" VPOS="1631" WIDTH="17"/>
						<String ID="P16_ST00143" HPOS="257" VPOS="1592" WIDTH="296" HEIGHT="50" CONTENT="Oceanography" WC="1.00" CC="000400600009"/>
						<SP ID="P16_SP00124" HPOS="553" VPOS="1643" WIDTH="16"/>
						<String ID="P16_ST00144" HPOS="569" VPOS="1594" WIDTH="211" HEIGHT="47" CONTENT="Programs." WC="1.00" CC="001001000"/>
					</TextLine>
					<TextLine ID="P16_TL00021" HPOS="202" VPOS="1644" WIDTH="869" HEIGHT="57">
						<String ID="P16_ST00145" HPOS="202" VPOS="1652" WIDTH="106" HEIGHT="49" CONTENT="Karp" WC="0.98" CC="0009"/>
						<SP ID="P16_SP00125" HPOS="307" VPOS="1701" WIDTH="27"/>
						<String ID="P16_ST00146" HPOS="334" VPOS="1649" WIDTH="93" HEIGHT="39" CONTENT="then" WC="0.99" CC="0040"/>
						<SP ID="P16_SP00126" HPOS="427" VPOS="1701" WIDTH="28"/>
						<String ID="P16_ST00147" HPOS="455" VPOS="1647" WIDTH="145" HEIGHT="39" CONTENT="earned" WC="1.00" CC="000050"/>
						<SP ID="P16_SP00127" HPOS="600" VPOS="1701" WIDTH="28"/>
						<String ID="P16_ST00148" HPOS="628" VPOS="1647" WIDTH="69" HEIGHT="38" CONTENT="her" WC="1.00" CC="000"/>
						<SP ID="P16_SP00128" HPOS="698" VPOS="1701" WIDTH="27"/>
						<String ID="P16_ST00149" HPOS="724" VPOS="1647" WIDTH="76" HEIGHT="36" CONTENT="law" WC="0.99" CC="002"/>
						<SP ID="P16_SP00129" HPOS="800" VPOS="1701" WIDTH="25"/>
						<String ID="P16_ST00150" HPOS="825" VPOS="1647" WIDTH="140" HEIGHT="49" CONTENT="degree" WC="1.00" CC="050000"/>
						<SP ID="P16_SP00130" HPOS="965" VPOS="1701" WIDTH="28"/>
						<String ID="P16_ST00151" HPOS="994" VPOS="1644" WIDTH="77" HEIGHT="38" CONTENT="and" WC="0.98" CC="500"/>
					</TextLine>
					<TextLine ID="P16_TL00022" HPOS="142" VPOS="1701" WIDTH="929" HEIGHT="55">
						<String ID="P16_ST00152" HPOS="142" VPOS="1707" WIDTH="146" HEIGHT="38" CONTENT="worked" WC="1.00" CC="200000"/>
						<SP ID="P16_SP00131" HPOS="288" VPOS="1745" WIDTH="19"/>
						<String ID="P16_ST00153" HPOS="307" VPOS="1718" WIDTH="41" HEIGHT="27" CONTENT="as" WC="0.50" CC="90"/>
						<SP ID="P16_SP00132" HPOS="348" VPOS="1745" WIDTH="19"/>
						<String ID="P16_ST00154" HPOS="367" VPOS="1718" WIDTH="20" HEIGHT="25" CONTENT="a" WC="1.00" CC="0"/>
						<SP ID="P16_SP00133" HPOS="387" VPOS="1745" WIDTH="20"/>
						<String ID="P16_ST00155" HPOS="408" VPOS="1707" WIDTH="139" HEIGHT="49" CONTENT="lawyer" WC="0.98" CC="009900"/>
						<SP ID="P16_SP00134" HPOS="546" VPOS="1756" WIDTH="17"/>
						<String ID="P16_ST00156" HPOS="564" VPOS="1710" WIDTH="39" HEIGHT="33" CONTENT="at" WC="0.64" CC="07"/>
						<SP ID="P16_SP00135" HPOS="603" VPOS="1756" WIDTH="22"/>
						<String ID="P16_ST00157" HPOS="625" VPOS="1706" WIDTH="58" HEIGHT="36" CONTENT="the" WC="0.99" CC="200"/>
						<SP ID="P16_SP00136" HPOS="683" VPOS="1756" WIDTH="22"/>
						<String ID="P16_ST00158" HPOS="706" VPOS="1702" WIDTH="124" HEIGHT="39" CONTENT="Rhode" WC="0.99" CC="00400"/>
						<SP ID="P16_SP00137" HPOS="830" VPOS="1756" WIDTH="20"/>
						<String ID="P16_ST00159" HPOS="850" VPOS="1701" WIDTH="128" HEIGHT="39" CONTENT="Island" WC="1.00" CC="000000"/>
						<SP ID="P16_SP00138" HPOS="978" VPOS="1756" WIDTH="22"/>
						<String ID="P16_ST00160" HPOS="1000" VPOS="1702" WIDTH="47" HEIGHT="36" CONTENT="De" SUBS_TYPE="HypPart1" SUBS_CONTENT="Department" WC="0.99" CC="30"/>
						<HYP HPOS="1047" VPOS="1702" WIDTH="24" CONTENT="-"/>
					</TextLine>
					<TextLine ID="P16_TL00023" HPOS="143" VPOS="1761" WIDTH="926" HEIGHT="55">
						<String ID="P16_ST00161" HPOS="143" VPOS="1770" WIDTH="195" HEIGHT="46" CONTENT="partment" SUBS_TYPE="HypPart2" SUBS_CONTENT="Department" WC="1.00" CC="00020002"/>
						<SP ID="P16_SP00139" HPOS="339" VPOS="1816" WIDTH="25"/>
						<String ID="P16_ST00162" HPOS="364" VPOS="1762" WIDTH="43" HEIGHT="52" CONTENT="of" WC="1.00" CC="00"/>
						<SP ID="P16_SP00140" HPOS="406" VPOS="1816" WIDTH="20"/>
						<String ID="P16_ST00163" HPOS="427" VPOS="1761" WIDTH="324" HEIGHT="39" CONTENT="Environmental" WC="1.00" CC="0000020804100"/>
						<SP ID="P16_SP00141" HPOS="751" VPOS="1816" WIDTH="25"/>
						<String ID="P16_ST00164" HPOS="776" VPOS="1761" WIDTH="293" HEIGHT="49" CONTENT="Management." WC="1.00" CC="29000000000"/>
					</TextLine>
					<TextLine ID="P16_TL00024" HPOS="145" VPOS="1816" WIDTH="928" HEIGHT="57">
						<String ID="P16_ST00165" HPOS="145" VPOS="1822" WIDTH="126" HEIGHT="50" CONTENT="Before" WC="1.00" CC="000000"/>
						<SP ID="P16_SP00142" HPOS="271" VPOS="1872" WIDTH="13"/>
						<String ID="P16_ST00166" HPOS="283" VPOS="1822" WIDTH="150" HEIGHT="49" CONTENT="coming" WC="1.00" CC="000000"/>
						<SP ID="P16_SP00143" HPOS="433" VPOS="1872" WIDTH="16"/>
						<String ID="P16_ST00167" HPOS="449" VPOS="1825" WIDTH="36" HEIGHT="31" CONTENT="to" WC="1.00" CC="00"/>
						<SP ID="P16_SP00144" HPOS="485" VPOS="1872" WIDTH="16"/>
						<String ID="P16_ST00168" HPOS="501" VPOS="1822" WIDTH="146" HEIGHT="41" CONTENT="Brown," WC="0.99" CC="003700"/>
						<SP ID="P16_SP00145" HPOS="647" VPOS="1872" WIDTH="16"/>
						<String ID="P16_ST00169" HPOS="663" VPOS="1819" WIDTH="65" HEIGHT="38" CONTENT="she" WC="0.98" CC="004"/>
						<SP ID="P16_SP00146" HPOS="728" VPOS="1872" WIDTH="14"/>
						<String ID="P16_ST00170" HPOS="742" VPOS="1817" WIDTH="131" HEIGHT="38" CONTENT="served" WC="1.00" CC="000200"/>
						<SP ID="P16_SP00147" HPOS="872" VPOS="1872" WIDTH="14"/>
						<String ID="P16_ST00171" HPOS="887" VPOS="1828" WIDTH="39" HEIGHT="25" CONTENT="as" WC="1.00" CC="00"/>
						<SP ID="P16_SP00148" HPOS="926" VPOS="1872" WIDTH="19"/>
						<String ID="P16_ST00172" HPOS="945" VPOS="1816" WIDTH="60" HEIGHT="38" CONTENT="the" WC="0.99" CC="100"/>
						<SP ID="P16_SP00149" HPOS="1005" VPOS="1872" WIDTH="13"/>
						<String ID="P16_ST00173" HPOS="1017" VPOS="1816" WIDTH="38" HEIGHT="36" CONTENT="di" SUBS_TYPE="HypPart1" SUBS_CONTENT="director" WC="0.99" CC="00"/>
						<HYP HPOS="1055" VPOS="1816" WIDTH="17" CONTENT="-"/>
					</TextLine>
					<TextLine ID="P16_TL00025" HPOS="145" VPOS="1874" WIDTH="929" HEIGHT="54">
						<String ID="P16_ST00174" HPOS="145" VPOS="1883" WIDTH="120" HEIGHT="33" CONTENT="rector" SUBS_TYPE="HypPart2" SUBS_CONTENT="director" WC="1.00" CC="010000"/>
						<SP ID="P16_SP00150" HPOS="265" VPOS="1917" WIDTH="17"/>
						<String ID="P16_ST00175" HPOS="282" VPOS="1877" WIDTH="44" HEIGHT="50" CONTENT="of" WC="1.00" CC="00"/>
						<SP ID="P16_SP00151" HPOS="326" VPOS="1928" WIDTH="16"/>
						<String ID="P16_ST00176" HPOS="342" VPOS="1877" WIDTH="58" HEIGHT="39" CONTENT="the" WC="1.00" CC="000"/>
						<SP ID="P16_SP00152" HPOS="400" VPOS="1928" WIDTH="20"/>
						<String ID="P16_ST00177" HPOS="420" VPOS="1879" WIDTH="276" HEIGHT="47" CONTENT="Narragansett" WC="0.92" CC="000000000214"/>
						<SP ID="P16_SP00153" HPOS="696" VPOS="1928" WIDTH="22"/>
						<String ID="P16_ST00178" HPOS="718" VPOS="1877" WIDTH="77" HEIGHT="49" CONTENT="Bay" WC="1.00" CC="000"/>
						<SP ID="P16_SP00154" HPOS="795" VPOS="1928" WIDTH="22"/>
						<String ID="P16_ST00179" HPOS="817" VPOS="1874" WIDTH="154" HEIGHT="50" CONTENT="Project." WC="1.00" CC="00020010"/>
						<SP ID="P16_SP00155" HPOS="972" VPOS="1928" WIDTH="24"/>
						<String ID="P16_ST00180" HPOS="995" VPOS="1874" WIDTH="79" HEIGHT="35" CONTENT="Her" WC="1.00" CC="000"/>
					</TextLine>
					<TextLine ID="P16_TL00026" HPOS="143" VPOS="1929" WIDTH="931" HEIGHT="58">
						<String ID="P16_ST00181" HPOS="143" VPOS="1935" WIDTH="175" HEIGHT="52" CONTENT="previous" WC="1.00" CC="00000000"/>
						<SP ID="P16_SP00156" HPOS="318" VPOS="1987" WIDTH="22"/>
						<String ID="P16_ST00182" HPOS="340" VPOS="1943" WIDTH="140" HEIGHT="28" CONTENT="careers" WC="0.99" CC="0900000"/>
						<SP ID="P16_SP00157" HPOS="480" VPOS="1987" WIDTH="22"/>
						<String ID="P16_ST00183" HPOS="502" VPOS="1932" WIDTH="153" HEIGHT="38" CONTENT="covered" WC="0.99" CC="0280000"/>
						<SP ID="P16_SP00158" HPOS="655" VPOS="1987" WIDTH="19"/>
						<String ID="P16_ST00184" HPOS="674" VPOS="1932" WIDTH="52" HEIGHT="36" CONTENT="all" WC="1.00" CC="000"/>
						<SP ID="P16_SP00159" HPOS="726" VPOS="1987" WIDTH="19"/>
						<String ID="P16_ST00185" HPOS="745" VPOS="1935" WIDTH="146" HEIGHT="44" CONTENT="aspects" WC="1.00" CC="6000000"/>
						<SP ID="P16_SP00160" HPOS="891" VPOS="1987" WIDTH="22"/>
						<String ID="P16_ST00186" HPOS="913" VPOS="1929" WIDTH="43" HEIGHT="50" CONTENT="of" WC="0.94" CC="10"/>
						<SP ID="P16_SP00161" HPOS="956" VPOS="1987" WIDTH="13"/>
						<String ID="P16_ST00187" HPOS="969" VPOS="1929" WIDTH="85" HEIGHT="38" CONTENT="envi" SUBS_TYPE="HypPart1" SUBS_CONTENT="environmental" WC="1.00" CC="0000"/>
						<HYP HPOS="1054" VPOS="1929" WIDTH="20" CONTENT="-"/>
					</TextLine>
					<TextLine ID="P16_TL00027" HPOS="146" VPOS="1987" WIDTH="928" HEIGHT="52">
						<String ID="P16_ST00188" HPOS="146" VPOS="1992" WIDTH="214" HEIGHT="38" CONTENT="ronmental" SUBS_TYPE="HypPart2" SUBS_CONTENT="environmental" WC="1.00" CC="630000300"/>
						<SP ID="P16_SP00162" HPOS="361" VPOS="2030" WIDTH="27"/>
						<String ID="P16_ST00189" HPOS="387" VPOS="1992" WIDTH="121" HEIGHT="36" CONTENT="issues" WC="1.00" CC="000000"/>
						<SP ID="P16_SP00163" HPOS="509" VPOS="2030" WIDTH="17"/>
						<String ID="P16_ST00190" HPOS="526" VPOS="1989" WIDTH="102" HEIGHT="50" CONTENT="from" WC="1.00" CC="0000"/>
						<SP ID="P16_SP00164" HPOS="628" VPOS="2039" WIDTH="25"/>
						<String ID="P16_ST00191" HPOS="654" VPOS="1987" WIDTH="186" HEIGHT="52" CONTENT="practical" WC="1.00" CC="009000000"/>
						<SP ID="P16_SP00165" HPOS="839" VPOS="2039" WIDTH="24"/>
						<String ID="P16_ST00192" HPOS="863" VPOS="1987" WIDTH="150" HEIGHT="36" CONTENT="science" WC="1.00" CC="0000004"/>
						<SP ID="P16_SP00166" HPOS="1013" VPOS="2039" WIDTH="25"/>
						<String ID="P16_ST00193" HPOS="1038" VPOS="1991" WIDTH="36" HEIGHT="31" CONTENT="to" WC="0.80" CC="12"/>
					</TextLine>
					<TextLine ID="P16_TL00028" HPOS="143" VPOS="2047" WIDTH="694" HEIGHT="52">
						<String ID="P16_ST00194" HPOS="143" VPOS="2049" WIDTH="129" HEIGHT="50" CONTENT="public" WC="0.98" CC="094400"/>
						<SP ID="P16_SP00167" HPOS="272" VPOS="2099" WIDTH="14"/>
						<String ID="P16_ST00195" HPOS="287" VPOS="2047" WIDTH="123" HEIGHT="52" CONTENT="policy" WC="0.99" CC="000009"/>
						<SP ID="P16_SP00168" HPOS="409" VPOS="2099" WIDTH="17"/>
						<String ID="P16_ST00196" HPOS="427" VPOS="2047" WIDTH="99" HEIGHT="36" CONTENT="work" WC="1.00" CC="0000"/>
						<SP ID="P16_SP00169" HPOS="526" VPOS="2099" WIDTH="16"/>
						<String ID="P16_ST00197" HPOS="542" VPOS="2047" WIDTH="74" HEIGHT="35" CONTENT="and" WC="0.97" CC="800"/>
						<SP ID="P16_SP00170" HPOS="616" VPOS="2099" WIDTH="19"/>
						<String ID="P16_ST00198" HPOS="635" VPOS="2047" WIDTH="202" HEIGHT="49" CONTENT="litigation." WC="1.00" CC="30000230500"/>
					</TextLine>
					<TextLine ID="P16_TL00029" HPOS="205" VPOS="2099" WIDTH="869" HEIGHT="56">
						<String ID="P16_ST00199" HPOS="205" VPOS="2107" WIDTH="71" HEIGHT="36" CONTENT="She" WC="1.00" CC="000"/>
						<SP ID="P16_SP00171" HPOS="276" VPOS="2143" WIDTH="16"/>
						<String ID="P16_ST00200" HPOS="291" VPOS="2106" WIDTH="129" HEIGHT="49" CONTENT="brings" WC="1.00" CC="000500"/>
						<SP ID="P16_SP00172" HPOS="420" VPOS="2154" WIDTH="16"/>
						<String ID="P16_ST00201" HPOS="436" VPOS="2109" WIDTH="65" HEIGHT="33" CONTENT="not" WC="1.00" CC="010"/>
						<SP ID="P16_SP00173" HPOS="501" VPOS="2154" WIDTH="16"/>
						<String ID="P16_ST00202" HPOS="517" VPOS="2102" WIDTH="88" HEIGHT="50" CONTENT="only" WC="0.97" CC="4009"/>
						<SP ID="P16_SP00174" HPOS="605" VPOS="2154" WIDTH="16"/>
						<String ID="P16_ST00203" HPOS="620" VPOS="2102" WIDTH="65" HEIGHT="38" CONTENT="her" WC="1.00" CC="000"/>
						<SP ID="P16_SP00175" HPOS="685" VPOS="2154" WIDTH="14"/>
						<String ID="P16_ST00204" HPOS="699" VPOS="2102" WIDTH="49" HEIGHT="36" CONTENT="20" WC="1.00" CC="00"/>
						<SP ID="P16_SP00176" HPOS="748" VPOS="2154" WIDTH="13"/>
						<String ID="P16_ST00205" HPOS="761" VPOS="2113" WIDTH="107" HEIGHT="39" CONTENT="years" WC="1.00" CC="02000"/>
						<SP ID="P16_SP00177" HPOS="868" VPOS="2154" WIDTH="14"/>
						<String ID="P16_ST00206" HPOS="882" VPOS="2099" WIDTH="44" HEIGHT="52" CONTENT="of" WC="1.00" CC="00"/>
						<SP ID="P16_SP00178" HPOS="926" VPOS="2154" WIDTH="8"/>
						<String ID="P16_ST00207" HPOS="934" VPOS="2099" WIDTH="121" HEIGHT="50" CONTENT="experi" SUBS_TYPE="HypPart1" SUBS_CONTENT="experience" WC="1.00" CC="000050"/>
						<HYP HPOS="1055" VPOS="2099" WIDTH="19" CONTENT="-"/>
					</TextLine>
					<TextLine ID="P16_TL00030" HPOS="146" VPOS="2156" WIDTH="928" HEIGHT="46">
						<String ID="P16_ST00208" HPOS="146" VPOS="2172" WIDTH="88" HEIGHT="28" CONTENT="ence" SUBS_TYPE="HypPart2" SUBS_CONTENT="experience" WC="0.98" CC="0423"/>
						<SP ID="P16_SP00179" HPOS="235" VPOS="2200" WIDTH="17"/>
						<String ID="P16_ST00209" HPOS="252" VPOS="2161" WIDTH="93" HEIGHT="39" CONTENT="with" WC="1.00" CC="0010"/>
						<SP ID="P16_SP00180" HPOS="345" VPOS="2200" WIDTH="22"/>
						<String ID="P16_ST00210" HPOS="367" VPOS="2161" WIDTH="60" HEIGHT="36" CONTENT="the" WC="1.00" CC="000"/>
						<SP ID="P16_SP00181" HPOS="427" VPOS="2200" WIDTH="19"/>
						<String ID="P16_ST00211" HPOS="446" VPOS="2161" WIDTH="276" HEIGHT="41" CONTENT="environment," WC="1.00" CC="000003000000"/>
						<SP ID="P16_SP00182" HPOS="721" VPOS="2202" WIDTH="22"/>
						<String ID="P16_ST00212" HPOS="743" VPOS="2159" WIDTH="66" HEIGHT="36" CONTENT="but" WC="0.98" CC="005"/>
						<SP ID="P16_SP00183" HPOS="809" VPOS="2202" WIDTH="20"/>
						<String ID="P16_ST00213" HPOS="830" VPOS="2157" WIDTH="79" HEIGHT="38" CONTENT="also" WC="1.00" CC="0000"/>
						<SP ID="P16_SP00184" HPOS="909" VPOS="2202" WIDTH="20"/>
						<String ID="P16_ST00214" HPOS="929" VPOS="2156" WIDTH="65" HEIGHT="38" CONTENT="her" WC="1.00" CC="000"/>
						<SP ID="P16_SP00185" HPOS="994" VPOS="2202" WIDTH="19"/>
						<String ID="P16_ST00215" HPOS="1013" VPOS="2169" WIDTH="41" HEIGHT="25" CONTENT="en" SUBS_TYPE="HypPart1" SUBS_CONTENT="enthusiasm" WC="1.00" CC="00"/>
						<HYP HPOS="1054" VPOS="2169" WIDTH="20" CONTENT="-"/>
					</TextLine>
					<TextLine ID="P16_TL00031" HPOS="150" VPOS="2213" WIDTH="926" HEIGHT="55">
						<String ID="P16_ST00216" HPOS="150" VPOS="2220" WIDTH="184" HEIGHT="36" CONTENT="thusiasm" SUBS_TYPE="HypPart2" SUBS_CONTENT="enthusiasm" WC="0.99" CC="50000006"/>
						<SP ID="P16_SP00186" HPOS="334" VPOS="2257" WIDTH="17"/>
						<String ID="P16_ST00217" HPOS="351" VPOS="2219" WIDTH="63" HEIGHT="49" CONTENT="for" WC="0.98" CC="040"/>
						<SP ID="P16_SP00187" HPOS="414" VPOS="2268" WIDTH="24"/>
						<String ID="P16_ST00218" HPOS="438" VPOS="2217" WIDTH="203" HEIGHT="49" CONTENT="educating" WC="1.00" CC="000100000"/>
						<SP ID="P16_SP00188" HPOS="641" VPOS="2268" WIDTH="24"/>
						<String ID="P16_ST00219" HPOS="665" VPOS="2216" WIDTH="126" HEIGHT="38" CONTENT="others" WC="1.00" CC="130000"/>
						<SP ID="P16_SP00189" HPOS="791" VPOS="2268" WIDTH="25"/>
						<String ID="P16_ST00220" HPOS="816" VPOS="2220" WIDTH="38" HEIGHT="31" CONTENT="to" WC="0.71" CC="23"/>
						<SP ID="P16_SP00190" HPOS="854" VPOS="2268" WIDTH="24"/>
						<String ID="P16_ST00221" HPOS="877" VPOS="2214" WIDTH="61" HEIGHT="36" CONTENT="the" WC="0.98" CC="004"/>
						<SP ID="P16_SP00191" HPOS="939" VPOS="2268" WIDTH="22"/>
						<String ID="P16_ST00222" HPOS="961" VPOS="2213" WIDTH="96" HEIGHT="38" CONTENT="class" SUBS_TYPE="HypPart1" SUBS_CONTENT="classroom:" WC="1.00" CC="00500"/>
						<HYP HPOS="1057" VPOS="2213" WIDTH="19" CONTENT="-"/>
					</TextLine>
					<TextLine ID="P16_TL00032" HPOS="148" VPOS="2272" WIDTH="928" HEIGHT="54">
						<String ID="P16_ST00223" HPOS="148" VPOS="2282" WIDTH="118" HEIGHT="33" CONTENT="room:" SUBS_TYPE="HypPart2" SUBS_CONTENT="classroom:" WC="0.98" CC="00019"/>
						<SP ID="P16_SP00192" HPOS="266" VPOS="2315" WIDTH="14"/>
						<String ID="P16_ST00224" HPOS="280" VPOS="2276" WIDTH="153" HEIGHT="50" CONTENT="Despite" WC="1.00" CC="5010000"/>
						<SP ID="P16_SP00193" HPOS="433" VPOS="2326" WIDTH="16"/>
						<String ID="P16_ST00225" HPOS="449" VPOS="2274" WIDTH="66" HEIGHT="36" CONTENT="her" WC="1.00" CC="000"/>
						<SP ID="P16_SP00194" HPOS="515" VPOS="2326" WIDTH="14"/>
						<String ID="P16_ST00226" HPOS="529" VPOS="2274" WIDTH="217" HEIGHT="49" CONTENT="knowledge" WC="1.00" CC="001800000"/>
						<SP ID="P16_SP00195" HPOS="746" VPOS="2326" WIDTH="14"/>
						<String ID="P16_ST00227" HPOS="761" VPOS="2272" WIDTH="44" HEIGHT="49" CONTENT="of" WC="0.82" CC="30"/>
						<SP ID="P16_SP00196" HPOS="805" VPOS="2326" WIDTH="8"/>
						<String ID="P16_ST00228" HPOS="813" VPOS="2272" WIDTH="239" HEIGHT="36" CONTENT="environmen" SUBS_TYPE="HypPart1" SUBS_CONTENT="environmental" WC="1.00" CC="0000010000"/>
						<HYP HPOS="1052" VPOS="2272" WIDTH="24" CONTENT="-"/>
					</TextLine>
					<TextLine ID="P16_TL00033" HPOS="151" VPOS="2329" WIDTH="925" HEIGHT="54">
						<String ID="P16_ST00229" HPOS="151" VPOS="2334" WIDTH="52" HEIGHT="36" CONTENT="tal" SUBS_TYPE="HypPart2" SUBS_CONTENT="environmental" WC="0.98" CC="040"/>
						<SP ID="P16_SP00197" HPOS="203" VPOS="2370" WIDTH="24"/>
						<String ID="P16_ST00230" HPOS="227" VPOS="2334" WIDTH="139" HEIGHT="49" CONTENT="policy," WC="0.99" CC="0000090"/>
						<SP ID="P16_SP00198" HPOS="365" VPOS="2383" WIDTH="27"/>
						<String ID="P16_ST00231" HPOS="392" VPOS="2334" WIDTH="101" HEIGHT="47" CONTENT="Karp" WC="0.98" CC="0900"/>
						<SP ID="P16_SP00199" HPOS="493" VPOS="2383" WIDTH="24"/>
						<String ID="P16_ST00232" HPOS="517" VPOS="2331" WIDTH="90" HEIGHT="38" CONTENT="does" WC="1.00" CC="0010"/>
						<SP ID="P16_SP00200" HPOS="606" VPOS="2383" WIDTH="27"/>
						<String ID="P16_ST00233" HPOS="633" VPOS="2335" WIDTH="66" HEIGHT="31" CONTENT="not" WC="1.00" CC="000"/>
						<SP ID="P16_SP00201" HPOS="699" VPOS="2383" WIDTH="27"/>
						<String ID="P16_ST00234" HPOS="726" VPOS="2329" WIDTH="80" HEIGHT="49" CONTENT="rely" WC="0.98" CC="0009"/>
						<SP ID="P16_SP00202" HPOS="806" VPOS="2383" WIDTH="24"/>
						<String ID="P16_ST00235" HPOS="830" VPOS="2340" WIDTH="49" HEIGHT="25" CONTENT="on" WC="0.80" CC="30"/>
						<SP ID="P16_SP00203" HPOS="879" VPOS="2383" WIDTH="25"/>
						<String ID="P16_ST00236" HPOS="904" VPOS="2329" WIDTH="172" HEIGHT="49" CONTENT="primary" WC="0.98" CC="9007500"/>
					</TextLine>
				</TextBlock>
				<TextBlock ID="P16_TB00006" HPOS="157" VPOS="3293" WIDTH="933" HEIGHT="395" language="en" STYLEREFS="TXT_3 PAR_BLOCK">
					<TextLine ID="P16_TL00034" HPOS="159" VPOS="3294" WIDTH="930" HEIGHT="46">
						<String ID="P16_ST00237" HPOS="159" VPOS="3302" WIDTH="219" HEIGHT="38" CONTENT="documents" WC="1.00" CC="030070000"/>
						<SP ID="P16_SP00204" HPOS="378" VPOS="3340" WIDTH="25"/>
						<String ID="P16_ST00238" HPOS="403" VPOS="3304" WIDTH="36" HEIGHT="33" CONTENT="to" WC="0.85" CC="11"/>
						<SP ID="P16_SP00205" HPOS="439" VPOS="3340" WIDTH="25"/>
						<String ID="P16_ST00239" HPOS="465" VPOS="3299" WIDTH="102" HEIGHT="36" CONTENT="teach" WC="1.00" CC="00000"/>
						<SP ID="P16_SP00206" HPOS="567" VPOS="3340" WIDTH="24"/>
						<String ID="P16_ST00240" HPOS="591" VPOS="3299" WIDTH="65" HEIGHT="36" CONTENT="her" WC="1.00" CC="000"/>
						<SP ID="P16_SP00207" HPOS="655" VPOS="3340" WIDTH="20"/>
						<String ID="P16_ST00241" HPOS="676" VPOS="3298" WIDTH="150" HEIGHT="38" CONTENT="classes." WC="1.00" CC="00500000"/>
						<SP ID="P16_SP00208" HPOS="825" VPOS="3340" WIDTH="27"/>
						<String ID="P16_ST00242" HPOS="852" VPOS="3294" WIDTH="150" HEIGHT="38" CONTENT="Instead" WC="0.99" CC="3000096"/>
						<SP ID="P16_SP00209" HPOS="1002" VPOS="3340" WIDTH="22"/>
						<String ID="P16_ST00243" HPOS="1024" VPOS="3294" WIDTH="65" HEIGHT="36" CONTENT="she" WC="1.00" CC="000"/>
					</TextLine>
					<TextLine ID="P16_TL00035" HPOS="159" VPOS="3351" WIDTH="929" HEIGHT="58">
						<String ID="P16_ST00244" HPOS="159" VPOS="3359" WIDTH="137" HEIGHT="50" CONTENT="prefers" WC="1.00" CC="0000000"/>
						<SP ID="P16_SP00210" HPOS="296" VPOS="3409" WIDTH="19"/>
						<String ID="P16_ST00245" HPOS="315" VPOS="3362" WIDTH="36" HEIGHT="33" CONTENT="to" WC="0.89" CC="02"/>
						<SP ID="P16_SP00211" HPOS="351" VPOS="3409" WIDTH="16"/>
						<String ID="P16_ST00246" HPOS="367" VPOS="3369" WIDTH="65" HEIGHT="25" CONTENT="use" WC="0.98" CC="400"/>
						<SP ID="P16_SP00212" HPOS="431" VPOS="3409" WIDTH="16"/>
						<String ID="P16_ST00247" HPOS="447" VPOS="3356" WIDTH="194" HEIGHT="38" CONTENT="literature" WC="1.00" CC="0000001000"/>
						<SP ID="P16_SP00213" HPOS="641" VPOS="3409" WIDTH="16"/>
						<String ID="P16_ST00248" HPOS="657" VPOS="3367" WIDTH="41" HEIGHT="24" CONTENT="as" WC="0.76" CC="04"/>
						<SP ID="P16_SP00214" HPOS="698" VPOS="3409" WIDTH="16"/>
						<String ID="P16_ST00249" HPOS="713" VPOS="3367" WIDTH="19" HEIGHT="24" CONTENT="a" WC="0.01" CC="9"/>
						<SP ID="P16_SP00215" HPOS="732" VPOS="3409" WIDTH="19"/>
						<String ID="P16_ST00250" HPOS="751" VPOS="3364" WIDTH="126" HEIGHT="25" CONTENT="means" WC="1.00" CC="01000"/>
						<SP ID="P16_SP00216" HPOS="877" VPOS="3409" WIDTH="16"/>
						<String ID="P16_ST00251" HPOS="893" VPOS="3353" WIDTH="43" HEIGHT="49" CONTENT="of" WC="0.97" CC="00"/>
						<SP ID="P16_SP00217" HPOS="935" VPOS="3409" WIDTH="8"/>
						<String ID="P16_ST00252" HPOS="943" VPOS="3351" WIDTH="124" HEIGHT="49" CONTENT="explor" SUBS_TYPE="HypPart1" SUBS_CONTENT="exploring" WC="1.00" CC="000000"/>
						<HYP HPOS="1068" VPOS="3351" WIDTH="20" CONTENT="-"/>
					</TextLine>
					<TextLine ID="P16_TL00036" HPOS="161" VPOS="3406" WIDTH="929" HEIGHT="59">
						<String ID="P16_ST00253" HPOS="161" VPOS="3416" WIDTH="65" HEIGHT="49" CONTENT="ing" SUBS_TYPE="HypPart2" SUBS_CONTENT="exploring" WC="0.96" CC="009"/>
						<SP ID="P16_SP00218" HPOS="225" VPOS="3465" WIDTH="11"/>
						<String ID="P16_ST00254" HPOS="236" VPOS="3413" WIDTH="293" HEIGHT="38" CONTENT="environmental" WC="1.00" CC="0900000000000"/>
						<SP ID="P16_SP00219" HPOS="529" VPOS="3465" WIDTH="14"/>
						<String ID="P16_ST00255" HPOS="543" VPOS="3413" WIDTH="129" HEIGHT="35" CONTENT="issues." WC="0.99" CC="0004400"/>
						<SP ID="P16_SP00220" HPOS="672" VPOS="3465" WIDTH="16"/>
						<String ID="P16_ST00256" HPOS="688" VPOS="3409" WIDTH="145" HEIGHT="38" CONTENT="Instead" WC="0.99" CC="2000090"/>
						<SP ID="P16_SP00221" HPOS="833" VPOS="3465" WIDTH="14"/>
						<String ID="P16_ST00257" HPOS="847" VPOS="3408" WIDTH="41" HEIGHT="50" CONTENT="of" WC="0.77" CC="40"/>
						<SP ID="P16_SP00222" HPOS="888" VPOS="3465" WIDTH="5"/>
						<String ID="P16_ST00258" HPOS="893" VPOS="3406" WIDTH="197" HEIGHT="50" CONTENT="muddling" WC="1.00" CC="00000000"/>
					</TextLine>
					<TextLine ID="P16_TL00037" HPOS="162" VPOS="3465" WIDTH="928" HEIGHT="55">
						<String ID="P16_ST00259" HPOS="162" VPOS="3471" WIDTH="161" HEIGHT="49" CONTENT="through" WC="1.00" CC="0000000"/>
						<SP ID="P16_SP00223" HPOS="323" VPOS="3520" WIDTH="17"/>
						<String ID="P16_ST00260" HPOS="340" VPOS="3469" WIDTH="132" HEIGHT="49" CONTENT="boring" WC="1.00" CC="200000"/>
						<SP ID="P16_SP00224" HPOS="472" VPOS="3520" WIDTH="13"/>
						<String ID="P16_ST00261" HPOS="485" VPOS="3472" WIDTH="249" HEIGHT="46" CONTENT="government" WC="1.00" CC="0000000000"/>
						<SP ID="P16_SP00225" HPOS="734" VPOS="3520" WIDTH="17"/>
						<String ID="P16_ST00262" HPOS="751" VPOS="3477" WIDTH="145" HEIGHT="39" CONTENT="papers," WC="0.99" CC="0000900"/>
						<SP ID="P16_SP00226" HPOS="896" VPOS="3520" WIDTH="17"/>
						<String ID="P16_ST00263" HPOS="913" VPOS="3465" WIDTH="176" HEIGHT="36" CONTENT="students" WC="0.99" CC="04203040"/>
					</TextLine>
					<TextLine ID="P16_TL00038" HPOS="162" VPOS="3518" WIDTH="928" HEIGHT="46">
						<String ID="P16_ST00264" HPOS="162" VPOS="3529" WIDTH="36" HEIGHT="35" CONTENT="in" WC="1.00" CC="00"/>
						<SP ID="P16_SP00227" HPOS="198" VPOS="3564" WIDTH="14"/>
						<String ID="P16_ST00265" HPOS="213" VPOS="3526" WIDTH="65" HEIGHT="38" CONTENT="her" WC="0.99" CC="030"/>
						<SP ID="P16_SP00228" HPOS="277" VPOS="3564" WIDTH="13"/>
						<String ID="P16_ST00266" HPOS="290" VPOS="3526" WIDTH="132" HEIGHT="38" CONTENT="classes" WC="1.00" CC="2000000"/>
						<SP ID="P16_SP00229" HPOS="422" VPOS="3564" WIDTH="16"/>
						<String ID="P16_ST00267" HPOS="438" VPOS="3526" WIDTH="83" HEIGHT="36" CONTENT="read" WC="1.00" CC="0000"/>
						<SP ID="P16_SP00230" HPOS="521" VPOS="3564" WIDTH="16"/>
						<String ID="P16_ST00268" HPOS="537" VPOS="3524" WIDTH="106" HEIGHT="36" CONTENT="Willa" WC="0.64" CC="80009"/>
						<SP ID="P16_SP00231" HPOS="643" VPOS="3564" WIDTH="17"/>
						<String ID="P16_ST00269" HPOS="660" VPOS="3523" WIDTH="135" HEIGHT="38" CONTENT="Cather" WC="0.93" CC="004000"/>
						<SP ID="P16_SP00232" HPOS="795" VPOS="3564" WIDTH="16"/>
						<String ID="P16_ST00270" HPOS="811" VPOS="3526" WIDTH="35" HEIGHT="33" CONTENT="to" WC="0.87" CC="11"/>
						<SP ID="P16_SP00233" HPOS="846" VPOS="3564" WIDTH="14"/>
						<String ID="P16_ST00271" HPOS="860" VPOS="3518" WIDTH="230" HEIGHT="39" CONTENT="understand" WC="1.00" CC="0500502000"/>
					</TextLine>
					<TextLine ID="P16_TL00039" HPOS="157" VPOS="3578" WIDTH="933" HEIGHT="50">
						<String ID="P16_ST00272" HPOS="157" VPOS="3583" WIDTH="91" HEIGHT="38" CONTENT="land" WC="0.98" CC="8000"/>
						<SP ID="P16_SP00234" HPOS="249" VPOS="3620" WIDTH="14"/>
						<String ID="P16_ST00273" HPOS="263" VPOS="3583" WIDTH="117" HEIGHT="38" CONTENT="ethics" WC="0.99" CC="010050"/>
						<SP ID="P16_SP00235" HPOS="380" VPOS="3620" WIDTH="14"/>
						<String ID="P16_ST00274" HPOS="394" VPOS="3581" WIDTH="74" HEIGHT="38" CONTENT="and" WC="1.00" CC="000"/>
						<SP ID="P16_SP00236" HPOS="468" VPOS="3620" WIDTH="16"/>
						<String ID="P16_ST00275" HPOS="483" VPOS="3580" WIDTH="157" HEIGHT="38" CONTENT="Edward" WC="0.99" CC="000090"/>
						<SP ID="P16_SP00237" HPOS="641" VPOS="3620" WIDTH="16"/>
						<String ID="P16_ST00276" HPOS="657" VPOS="3578" WIDTH="128" HEIGHT="50" CONTENT="Abbey" WC="0.99" CC="00090"/>
						<SP ID="P16_SP00238" HPOS="784" VPOS="3628" WIDTH="16"/>
						<String ID="P16_ST00277" HPOS="800" VPOS="3583" WIDTH="36" HEIGHT="31" CONTENT="to" WC="0.51" CC="63"/>
						<SP ID="P16_SP00239" HPOS="836" VPOS="3628" WIDTH="13"/>
						<String ID="P16_ST00278" HPOS="849" VPOS="3578" WIDTH="150" HEIGHT="36" CONTENT="discuss" WC="0.99" CC="0004500"/>
						<SP ID="P16_SP00240" HPOS="998" VPOS="3628" WIDTH="14"/>
						<String ID="P16_ST00279" HPOS="1013" VPOS="3587" WIDTH="58" HEIGHT="25" CONTENT="eco" SUBS_TYPE="HypPart1" SUBS_CONTENT="ecosabotage." WC="0.78" CC="053"/>
						<HYP HPOS="1071" VPOS="3587" WIDTH="19" CONTENT="-"/>
					</TextLine>
					<TextLine ID="P16_TL00040" HPOS="162" VPOS="3639" WIDTH="183" HEIGHT="49">
						<String ID="P16_ST00280" HPOS="162" VPOS="3639" WIDTH="183" HEIGHT="49" CONTENT="sabotage." SUBS_TYPE="HypPart2" SUBS_CONTENT="ecosabotage." WC="0.92" CC="000100040"/>
					</TextLine>
				</TextBlock>
				<TextBlock ID="P16_TB00007" HPOS="165" VPOS="3743" WIDTH="926" HEIGHT="101" language="en" STYLEREFS="TXT_4 PAR_LEFT">
					<TextLine ID="P16_TL00041" HPOS="165" VPOS="3745" WIDTH="926" HEIGHT="55">
						<String ID="P16_ST00281" HPOS="165" VPOS="3753" WIDTH="49" HEIGHT="44" CONTENT="Q." WC="0.90" CC="01"/>
						<SP ID="P16_SP00241" HPOS="214" VPOS="3797" WIDTH="14"/>
						<String ID="P16_ST00282" HPOS="228" VPOS="3751" WIDTH="99" HEIGHT="49" CONTENT="Why" WC="0.95" CC="470"/>
						<SP ID="P16_SP00242" HPOS="328" VPOS="3800" WIDTH="13"/>
						<String ID="P16_ST00283" HPOS="340" VPOS="3750" WIDTH="65" HEIGHT="38" CONTENT="did" WC="0.98" CC="004"/>
						<SP ID="P16_SP00243" HPOS="405" VPOS="3800" WIDTH="16"/>
						<String ID="P16_ST00284" HPOS="420" VPOS="3761" WIDTH="74" HEIGHT="36" CONTENT="you" WC="0.97" CC="250"/>
						<SP ID="P16_SP00244" HPOS="494" VPOS="3800" WIDTH="17"/>
						<String ID="P16_ST00285" HPOS="512" VPOS="3748" WIDTH="148" HEIGHT="38" CONTENT="choose" WC="0.99" CC="011401"/>
						<SP ID="P16_SP00245" HPOS="660" VPOS="3800" WIDTH="13"/>
						<String ID="P16_ST00286" HPOS="672" VPOS="3746" WIDTH="66" HEIGHT="38" CONTENT="the" WC="0.97" CC="600"/>
						<SP ID="P16_SP00246" HPOS="739" VPOS="3800" WIDTH="14"/>
						<String ID="P16_ST00287" HPOS="753" VPOS="3745" WIDTH="93" HEIGHT="38" CONTENT="field" WC="1.00" CC="40000"/>
						<SP ID="P16_SP00247" HPOS="846" VPOS="3800" WIDTH="16"/>
						<String ID="P16_ST00288" HPOS="861" VPOS="3745" WIDTH="41" HEIGHT="38" CONTENT="of" WC="0.78" CC="40"/>
						<SP ID="P16_SP00248" HPOS="902" VPOS="3800" WIDTH="13"/>
						<String ID="P16_ST00289" HPOS="915" VPOS="3745" WIDTH="154" HEIGHT="36" CONTENT="environ" SUBS_TYPE="HypPart1" SUBS_CONTENT="environmental" WC="0.99" CC="0600204"/>
						<HYP HPOS="1069" VPOS="3745" WIDTH="22" CONTENT="-"/>
					</TextLine>
					<TextLine ID="P16_TL00042" HPOS="165" VPOS="3805" WIDTH="326" HEIGHT="39">
						<String ID="P16_ST00290" HPOS="165" VPOS="3806" WIDTH="145" HEIGHT="38" CONTENT="mental" SUBS_TYPE="HypPart2" SUBS_CONTENT="environmental" WC="0.99" CC="034007"/>
						<SP ID="P16_SP00249" HPOS="310" VPOS="3844" WIDTH="16"/>
						<String ID="P16_ST00291" HPOS="326" VPOS="3805" WIDTH="165" HEIGHT="39" CONTENT="studies?" WC="0.99" CC="55500036"/>
					</TextLine>
				</TextBlock>
				<TextBlock ID="P16_TB00008" HPOS="164" VPOS="3857" WIDTH="928" HEIGHT="113" language="en" STYLEREFS="TXT_5 PAR_LEFT">
					<TextLine ID="P16_TL00043" HPOS="165" VPOS="3857" WIDTH="926" HEIGHT="52">
						<String ID="P16_ST00292" HPOS="165" VPOS="3865" WIDTH="47" HEIGHT="36" CONTENT="A." WC="0.82" CC="11"/>
						<SP ID="P16_SP00250" HPOS="213" VPOS="3901" WIDTH="11"/>
						<String ID="P16_ST00293" HPOS="224" VPOS="3865" WIDTH="14" HEIGHT="36" CONTENT="I" WC="0.79" CC="2"/>
						<SP ID="P16_SP00251" HPOS="238" VPOS="3901" WIDTH="13"/>
						<String ID="P16_ST00294" HPOS="250" VPOS="3876" WIDTH="66" HEIGHT="25" CONTENT="am" WC="0.87" CC="02"/>
						<SP ID="P16_SP00252" HPOS="317" VPOS="3901" WIDTH="11"/>
						<String ID="P16_ST00295" HPOS="328" VPOS="3863" WIDTH="151" HEIGHT="38" CONTENT="trained" WC="0.99" CC="4021700"/>
						<SP ID="P16_SP00253" HPOS="479" VPOS="3901" WIDTH="13"/>
						<String ID="P16_ST00296" HPOS="491" VPOS="3874" WIDTH="43" HEIGHT="25" CONTENT="as" WC="1.00" CC="00"/>
						<SP ID="P16_SP00254" HPOS="534" VPOS="3901" WIDTH="14"/>
						<String ID="P16_ST00297" HPOS="548" VPOS="3874" WIDTH="20" HEIGHT="25" CONTENT="a" WC="1.00" CC="0"/>
						<SP ID="P16_SP00255" HPOS="569" VPOS="3901" WIDTH="13"/>
						<String ID="P16_ST00298" HPOS="581" VPOS="3863" WIDTH="186" HEIGHT="39" CONTENT="scientist," WC="1.00" CC="0030710004"/>
						<SP ID="P16_SP00256" HPOS="767" VPOS="3902" WIDTH="13"/>
						<String ID="P16_ST00299" HPOS="780" VPOS="3863" WIDTH="41" HEIGHT="33" CONTENT="in" WC="0.64" CC="07"/>
						<SP ID="P16_SP00257" HPOS="820" VPOS="3902" WIDTH="11"/>
						<String ID="P16_ST00300" HPOS="831" VPOS="3858" WIDTH="172" HEIGHT="50" CONTENT="geology" WC="1.00" CC="0000030"/>
						<SP ID="P16_SP00258" HPOS="1003" VPOS="3909" WIDTH="11"/>
						<String ID="P16_ST00301" HPOS="1014" VPOS="3857" WIDTH="77" HEIGHT="36" CONTENT="and" WC="1.00" CC="000"/>
					</TextLine>
					<TextLine ID="P16_TL00044" HPOS="164" VPOS="3913" WIDTH="928" HEIGHT="57">
						<String ID="P16_ST00302" HPOS="164" VPOS="3921" WIDTH="167" HEIGHT="49" CONTENT="biology," WC="0.99" CC="20300401"/>
						<SP ID="P16_SP00259" HPOS="331" VPOS="3970" WIDTH="17"/>
						<String ID="P16_ST00303" HPOS="348" VPOS="3920" WIDTH="79" HEIGHT="36" CONTENT="and" WC="1.00" CC="000"/>
						<SP ID="P16_SP00260" HPOS="427" VPOS="3970" WIDTH="17"/>
						<String ID="P16_ST00304" HPOS="444" VPOS="3920" WIDTH="13" HEIGHT="35" CONTENT="I" WC="1.00" CC="0"/>
						<SP ID="P16_SP00261" HPOS="457" VPOS="3970" WIDTH="17"/>
						<String ID="P16_ST00305" HPOS="474" VPOS="3931" WIDTH="118" HEIGHT="38" CONTENT="guess" WC="0.99" CC="80000"/>
						<SP ID="P16_SP00262" HPOS="592" VPOS="3970" WIDTH="19"/>
						<String ID="P16_ST00306" HPOS="611" VPOS="3918" WIDTH="11" HEIGHT="35" CONTENT="I" WC="1.00" CC="0"/>
						<SP ID="P16_SP00263" HPOS="622" VPOS="3970" WIDTH="17"/>
						<String ID="P16_ST00307" HPOS="639" VPOS="3929" WIDTH="83" HEIGHT="24" CONTENT="was" WC="1.00" CC="000"/>
						<SP ID="P16_SP00264" HPOS="723" VPOS="3970" WIDTH="19"/>
						<String ID="P16_ST00308" HPOS="742" VPOS="3917" WIDTH="148" HEIGHT="47" CONTENT="always" WC="0.98" CC="204476"/>
						<SP ID="P16_SP00265" HPOS="890" VPOS="3970" WIDTH="17"/>
						<String ID="P16_ST00309" HPOS="907" VPOS="3913" WIDTH="184" HEIGHT="38" CONTENT="involved" WC="1.00" CC="10010000"/>
					</TextLine>
				</TextBlock>
				<TextBlock ID="P16_TB00009" HPOS="1135" VPOS="762" WIDTH="927" HEIGHT="1271" language="en" STYLEREFS="TXT_5 PAR_BLOCK">
					<TextLine ID="P16_TL00045" HPOS="1135" VPOS="781" WIDTH="918" HEIGHT="55">
						<String ID="P16_ST00310" HPOS="1135" VPOS="787" WIDTH="93" HEIGHT="36" CONTENT="with" WC="0.98" CC="0206"/>
						<SP ID="P16_SP00266" HPOS="1228" VPOS="824" WIDTH="14"/>
						<String ID="P16_ST00311" HPOS="1243" VPOS="787" WIDTH="150" HEIGHT="35" CONTENT="marine" WC="0.99" CC="000070"/>
						<SP ID="P16_SP00267" HPOS="1392" VPOS="824" WIDTH="13"/>
						<String ID="P16_ST00312" HPOS="1405" VPOS="786" WIDTH="195" HEIGHT="50" CONTENT="pollution" WC="1.00" CC="020025200"/>
						<SP ID="P16_SP00268" HPOS="1600" VPOS="836" WIDTH="14"/>
						<String ID="P16_ST00313" HPOS="1614" VPOS="784" WIDTH="170" HEIGHT="47" CONTENT="ecology," WC="1.00" CC="00050004"/>
						<SP ID="P16_SP00269" HPOS="1784" VPOS="836" WIDTH="13"/>
						<String ID="P16_ST00314" HPOS="1797" VPOS="783" WIDTH="71" HEIGHT="36" CONTENT="but" WC="0.97" CC="025"/>
						<SP ID="P16_SP00270" HPOS="1868" VPOS="836" WIDTH="14"/>
						<String ID="P16_ST00315" HPOS="1882" VPOS="783" WIDTH="61" HEIGHT="35" CONTENT="it's" WC="0.97" CC="4043"/>
						<SP ID="P16_SP00271" HPOS="1943" VPOS="836" WIDTH="14"/>
						<String ID="P16_ST00316" HPOS="1957" VPOS="781" WIDTH="96" HEIGHT="36" CONTENT="hard" WC="0.98" CC="3050"/>
					</TextLine>
					<TextLine ID="P16_TL00046" HPOS="1135" VPOS="838" WIDTH="918" HEIGHT="55">
						<String ID="P16_ST00317" HPOS="1135" VPOS="849" WIDTH="36" HEIGHT="31" CONTENT="to" WC="0.82" CC="30"/>
						<SP ID="P16_SP00272" HPOS="1172" VPOS="880" WIDTH="13"/>
						<String ID="P16_ST00318" HPOS="1184" VPOS="843" WIDTH="154" HEIGHT="50" CONTENT="explain" WC="0.99" CC="0044007"/>
						<SP ID="P16_SP00273" HPOS="1339" VPOS="893" WIDTH="9"/>
						<String ID="P16_ST00319" HPOS="1348" VPOS="843" WIDTH="94" HEIGHT="49" CONTENT="why" WC="0.96" CC="009"/>
						<SP ID="P16_SP00274" HPOS="1443" VPOS="893" WIDTH="11"/>
						<String ID="P16_ST00320" HPOS="1454" VPOS="841" WIDTH="80" HEIGHT="36" CONTENT="that" WC="0.98" CC="3003"/>
						<SP ID="P16_SP00275" HPOS="1534" VPOS="893" WIDTH="11"/>
						<String ID="P16_ST00321" HPOS="1545" VPOS="844" WIDTH="31" HEIGHT="33" CONTENT="is" WC="0.74" CC="50"/>
						<SP ID="P16_SP00276" HPOS="1576" VPOS="893" WIDTH="11"/>
						<String ID="P16_ST00322" HPOS="1587" VPOS="841" WIDTH="131" HEIGHT="35" CONTENT="where" WC="1.00" CC="00000"/>
						<SP ID="P16_SP00277" HPOS="1718" VPOS="893" WIDTH="13"/>
						<String ID="P16_ST00323" HPOS="1731" VPOS="852" WIDTH="65" HEIGHT="36" CONTENT="my" WC="1.00" CC="00"/>
						<SP ID="P16_SP00278" HPOS="1795" VPOS="893" WIDTH="14"/>
						<String ID="P16_ST00324" HPOS="1809" VPOS="841" WIDTH="173" HEIGHT="33" CONTENT="interests" WC="1.00" CC="003000000"/>
						<SP ID="P16_SP00279" HPOS="1983" VPOS="893" WIDTH="13"/>
						<String ID="P16_ST00325" HPOS="1995" VPOS="838" WIDTH="58" HEIGHT="36" CONTENT="lie." WC="1.00" CC="0000"/>
					</TextLine>
					<TextLine ID="P16_TL00047" HPOS="1135" VPOS="894" WIDTH="920" HEIGHT="57">
						<String ID="P16_ST00326" HPOS="1135" VPOS="902" WIDTH="69" HEIGHT="49" CONTENT="My" WC="1.00" CC="00"/>
						<SP ID="P16_SP00280" HPOS="1205" VPOS="951" WIDTH="13"/>
						<String ID="P16_ST00327" HPOS="1217" VPOS="899" WIDTH="134" HEIGHT="50" CONTENT="family" WC="0.99" CC="510040"/>
						<SP ID="P16_SP00281" HPOS="1351" VPOS="951" WIDTH="13"/>
						<String ID="P16_ST00328" HPOS="1364" VPOS="899" WIDTH="104" HEIGHT="36" CONTENT="lived" WC="0.99" CC="33000"/>
						<SP ID="P16_SP00282" HPOS="1468" VPOS="951" WIDTH="14"/>
						<String ID="P16_ST00329" HPOS="1482" VPOS="909" WIDTH="181" HEIGHT="27" CONTENT="overseas" WC="1.00" CC="00021000"/>
						<SP ID="P16_SP00283" HPOS="1663" VPOS="951" WIDTH="14"/>
						<String ID="P16_ST00330" HPOS="1677" VPOS="899" WIDTH="39" HEIGHT="35" CONTENT="in" WC="0.96" CC="00"/>
						<SP ID="P16_SP00284" HPOS="1717" VPOS="951" WIDTH="13"/>
						<String ID="P16_ST00331" HPOS="1729" VPOS="898" WIDTH="65" HEIGHT="36" CONTENT="the" WC="0.99" CC="300"/>
						<SP ID="P16_SP00285" HPOS="1794" VPOS="951" WIDTH="13"/>
						<String ID="P16_ST00332" HPOS="1806" VPOS="894" WIDTH="187" HEIGHT="38" CONTENT="Marshall" WC="1.00" CC="01000050"/>
						<SP ID="P16_SP00286" HPOS="1994" VPOS="951" WIDTH="11"/>
						<String ID="P16_ST00333" HPOS="2005" VPOS="896" WIDTH="35" HEIGHT="35" CONTENT="Is" SUBS_TYPE="HypPart1" SUBS_CONTENT="Islands" WC="0.99" CC="20"/>
						<HYP HPOS="2039" VPOS="896" WIDTH="16" CONTENT="-"/>
					</TextLine>
					<TextLine ID="P16_TL00048" HPOS="1135" VPOS="953" WIDTH="921" HEIGHT="52">
						<String ID="P16_ST00334" HPOS="1135" VPOS="957" WIDTH="112" HEIGHT="38" CONTENT="lands" SUBS_TYPE="HypPart2" SUBS_CONTENT="Islands" WC="1.00" CC="00000"/>
						<SP ID="P16_SP00287" HPOS="1247" VPOS="995" WIDTH="17"/>
						<String ID="P16_ST00335" HPOS="1265" VPOS="957" WIDTH="120" HEIGHT="36" CONTENT="when" WC="0.99" CC="0006"/>
						<SP ID="P16_SP00288" HPOS="1384" VPOS="995" WIDTH="19"/>
						<String ID="P16_ST00336" HPOS="1403" VPOS="957" WIDTH="13" HEIGHT="36" CONTENT="I" WC="1.00" CC="0"/>
						<SP ID="P16_SP00289" HPOS="1416" VPOS="995" WIDTH="16"/>
						<String ID="P16_ST00337" HPOS="1431" VPOS="969" WIDTH="85" HEIGHT="24" CONTENT="was" WC="0.98" CC="040"/>
						<SP ID="P16_SP00290" HPOS="1517" VPOS="995" WIDTH="17"/>
						<String ID="P16_ST00338" HPOS="1534" VPOS="969" WIDTH="22" HEIGHT="24" CONTENT="a" WC="1.00" CC="0"/>
						<SP ID="P16_SP00291" HPOS="1556" VPOS="995" WIDTH="19"/>
						<String ID="P16_ST00339" HPOS="1575" VPOS="961" WIDTH="189" HEIGHT="44" CONTENT="teenager," WC="0.99" CC="400016003"/>
						<SP ID="P16_SP00292" HPOS="1764" VPOS="1005" WIDTH="20"/>
						<String ID="P16_ST00340" HPOS="1784" VPOS="953" WIDTH="77" HEIGHT="38" CONTENT="and" WC="0.97" CC="070"/>
						<SP ID="P16_SP00293" HPOS="1861" VPOS="1005" WIDTH="20"/>
						<String ID="P16_ST00341" HPOS="1882" VPOS="953" WIDTH="11" HEIGHT="36" CONTENT="I" WC="1.00" CC="0"/>
						<SP ID="P16_SP00294" HPOS="1893" VPOS="1005" WIDTH="19"/>
						<String ID="P16_ST00342" HPOS="1912" VPOS="964" WIDTH="72" HEIGHT="25" CONTENT="can" WC="0.98" CC="040"/>
						<SP ID="P16_SP00295" HPOS="1984" VPOS="1005" WIDTH="19"/>
						<String ID="P16_ST00343" HPOS="2003" VPOS="964" WIDTH="36" HEIGHT="24" CONTENT="re" SUBS_TYPE="HypPart1" SUBS_CONTENT="remember" WC="1.00" CC="00"/>
						<HYP HPOS="2039" VPOS="964" WIDTH="17" CONTENT="-"/>
					</TextLine>
					<TextLine ID="P16_TL00049" HPOS="1135" VPOS="1009" WIDTH="922" HEIGHT="56">
						<String ID="P16_ST00344" HPOS="1135" VPOS="1014" WIDTH="175" HEIGHT="38" CONTENT="member" SUBS_TYPE="HypPart2" SUBS_CONTENT="remember" WC="1.00" CC="000000"/>
						<SP ID="P16_SP00296" HPOS="1310" VPOS="1052" WIDTH="16"/>
						<String ID="P16_ST00345" HPOS="1326" VPOS="1027" WIDTH="20" HEIGHT="24" CONTENT="a" WC="0.74" CC="2"/>
						<SP ID="P16_SP00297" HPOS="1346" VPOS="1052" WIDTH="17"/>
						<String ID="P16_ST00346" HPOS="1364" VPOS="1014" WIDTH="101" HEIGHT="50" CONTENT="ship," WC="0.99" CC="00004"/>
						<SP ID="P16_SP00298" HPOS="1465" VPOS="1065" WIDTH="17"/>
						<String ID="P16_ST00347" HPOS="1482" VPOS="1025" WIDTH="19" HEIGHT="24" CONTENT="a" WC="0.61" CC="3"/>
						<SP ID="P16_SP00299" HPOS="1501" VPOS="1065" WIDTH="17"/>
						<String ID="P16_ST00348" HPOS="1518" VPOS="1013" WIDTH="175" HEIGHT="36" CONTENT="research" WC="0.99" CC="40025000"/>
						<SP ID="P16_SP00300" HPOS="1693" VPOS="1065" WIDTH="16"/>
						<String ID="P16_ST00349" HPOS="1709" VPOS="1011" WIDTH="128" HEIGHT="36" CONTENT="vessel" WC="1.00" CC="000003"/>
						<SP ID="P16_SP00301" HPOS="1836" VPOS="1065" WIDTH="16"/>
						<String ID="P16_ST00350" HPOS="1852" VPOS="1014" WIDTH="69" HEIGHT="33" CONTENT="out" WC="0.98" CC="023"/>
						<SP ID="P16_SP00302" HPOS="1921" VPOS="1065" WIDTH="16"/>
						<String ID="P16_ST00351" HPOS="1937" VPOS="1009" WIDTH="41" HEIGHT="38" CONTENT="of" WC="0.60" CC="24"/>
						<SP ID="P16_SP00303" HPOS="1978" VPOS="1065" WIDTH="16"/>
						<String ID="P16_ST00352" HPOS="1994" VPOS="1009" WIDTH="63" HEIGHT="36" CONTENT="the" WC="0.98" CC="400"/>
					</TextLine>
					<TextLine ID="P16_TL00050" HPOS="1135" VPOS="1066" WIDTH="922" HEIGHT="57">
						<String ID="P16_ST00353" HPOS="1135" VPOS="1074" WIDTH="154" HEIGHT="49" CONTENT="Scripps" WC="0.84" CC="0040060"/>
						<SP ID="P16_SP00304" HPOS="1290" VPOS="1123" WIDTH="11"/>
						<String ID="P16_ST00354" HPOS="1301" VPOS="1072" WIDTH="173" HEIGHT="36" CONTENT="Institute" WC="0.99" CC="010040360"/>
						<SP ID="P16_SP00305" HPOS="1474" VPOS="1123" WIDTH="13"/>
						<String ID="P16_ST00355" HPOS="1487" VPOS="1069" WIDTH="41" HEIGHT="38" CONTENT="of" WC="0.95" CC="00"/>
						<SP ID="P16_SP00306" HPOS="1528" VPOS="1123" WIDTH="8"/>
						<String ID="P16_ST00356" HPOS="1535" VPOS="1068" WIDTH="312" HEIGHT="50" CONTENT="Oceanography" WC="1.00" CC="300200900000"/>
						<SP ID="P16_SP00307" HPOS="1847" VPOS="1123" WIDTH="11"/>
						<String ID="P16_ST00357" HPOS="1858" VPOS="1066" WIDTH="123" HEIGHT="38" CONTENT="called" WC="1.00" CC="000000"/>
						<SP ID="P16_SP00308" HPOS="1981" VPOS="1123" WIDTH="13"/>
						<String ID="P16_ST00358" HPOS="1994" VPOS="1066" WIDTH="63" HEIGHT="36" CONTENT="the" WC="0.99" CC="100"/>
					</TextLine>
					<TextLine ID="P16_TL00051" HPOS="1135" VPOS="1124" WIDTH="922" HEIGHT="56">
						<String ID="P16_ST00359" HPOS="1135" VPOS="1131" WIDTH="129" HEIGHT="49" CONTENT="Alpha" WC="1.00" CC="04000"/>
						<SP ID="P16_SP00309" HPOS="1265" VPOS="1180" WIDTH="19"/>
						<String ID="P16_ST00360" HPOS="1283" VPOS="1129" WIDTH="126" HEIGHT="43" CONTENT="Helix," WC="0.99" CC="302010"/>
						<SP ID="P16_SP00310" HPOS="1409" VPOS="1180" WIDTH="19"/>
						<String ID="P16_ST00361" HPOS="1428" VPOS="1140" WIDTH="90" HEIGHT="38" CONTENT="pass" WC="0.98" CC="8001"/>
						<SP ID="P16_SP00311" HPOS="1518" VPOS="1180" WIDTH="19"/>
						<String ID="P16_ST00362" HPOS="1537" VPOS="1126" WIDTH="172" HEIGHT="50" CONTENT="through" WC="1.00" CC="0060000"/>
						<SP ID="P16_SP00312" HPOS="1709" VPOS="1180" WIDTH="17"/>
						<String ID="P16_ST00363" HPOS="1726" VPOS="1126" WIDTH="131" HEIGHT="36" CONTENT="where" WC="1.00" CC="00000"/>
						<SP ID="P16_SP00313" HPOS="1857" VPOS="1180" WIDTH="17"/>
						<String ID="P16_ST00364" HPOS="1874" VPOS="1137" WIDTH="60" HEIGHT="24" CONTENT="we" WC="1.00" CC="00"/>
						<SP ID="P16_SP00314" HPOS="1934" VPOS="1180" WIDTH="17"/>
						<String ID="P16_ST00365" HPOS="1951" VPOS="1124" WIDTH="106" HEIGHT="36" CONTENT="lived" WC="1.00" CC="00000"/>
					</TextLine>
					<TextLine ID="P16_TL00052" HPOS="1135" VPOS="1181" WIDTH="921" HEIGHT="54">
						<String ID="P16_ST00366" HPOS="1135" VPOS="1200" WIDTH="52" HEIGHT="24" CONTENT="on" WC="0.64" CC="07"/>
						<SP ID="P16_SP00315" HPOS="1187" VPOS="1224" WIDTH="20"/>
						<String ID="P16_ST00367" HPOS="1208" VPOS="1187" WIDTH="98" HEIGHT="35" CONTENT="their" WC="0.99" CC="40020"/>
						<SP ID="P16_SP00316" HPOS="1306" VPOS="1224" WIDTH="17"/>
						<String ID="P16_ST00368" HPOS="1323" VPOS="1198" WIDTH="90" HEIGHT="36" CONTENT="way" WC="1.00" CC="000"/>
						<SP ID="P16_SP00317" HPOS="1413" VPOS="1235" WIDTH="17"/>
						<String ID="P16_ST00369" HPOS="1430" VPOS="1191" WIDTH="39" HEIGHT="31" CONTENT="to" WC="0.75" CC="22"/>
						<SP ID="P16_SP00318" HPOS="1469" VPOS="1235" WIDTH="17"/>
						<String ID="P16_ST00370" HPOS="1487" VPOS="1187" WIDTH="230" HEIGHT="35" CONTENT="Antarctica." WC="0.99" CC="06500403000"/>
						<SP ID="P16_SP00319" HPOS="1717" VPOS="1235" WIDTH="36"/>
						<String ID="P16_ST00371" HPOS="1753" VPOS="1183" WIDTH="121" HEIGHT="43" CONTENT="Once," WC="0.99" CC="20004"/>
						<SP ID="P16_SP00320" HPOS="1874" VPOS="1235" WIDTH="17"/>
						<String ID="P16_ST00372" HPOS="1891" VPOS="1181" WIDTH="93" HEIGHT="49" CONTENT="they" WC="1.00" CC="0000"/>
						<SP ID="P16_SP00321" HPOS="1984" VPOS="1235" WIDTH="19"/>
						<String ID="P16_ST00373" HPOS="2003" VPOS="1183" WIDTH="36" HEIGHT="35" CONTENT="in" SUBS_TYPE="HypPart1" SUBS_CONTENT="invited" WC="0.97" CC="06"/>
						<HYP HPOS="2039" VPOS="1183" WIDTH="17" CONTENT="-"/>
					</TextLine>
					<TextLine ID="P16_TL00053" HPOS="1135" VPOS="1239" WIDTH="923" HEIGHT="51">
						<String ID="P16_ST00374" HPOS="1135" VPOS="1244" WIDTH="107" HEIGHT="38" CONTENT="vited" SUBS_TYPE="HypPart2" SUBS_CONTENT="invited" WC="0.99" CC="05000"/>
						<SP ID="P16_SP00322" HPOS="1243" VPOS="1282" WIDTH="17"/>
						<String ID="P16_ST00375" HPOS="1260" VPOS="1257" WIDTH="65" HEIGHT="24" CONTENT="me" WC="1.00" CC="00"/>
						<SP ID="P16_SP00323" HPOS="1324" VPOS="1282" WIDTH="16"/>
						<String ID="P16_ST00376" HPOS="1340" VPOS="1243" WIDTH="157" HEIGHT="43" CONTENT="aboard," WC="1.00" CC="0020004"/>
						<SP ID="P16_SP00324" HPOS="1498" VPOS="1285" WIDTH="17"/>
						<String ID="P16_ST00377" HPOS="1515" VPOS="1243" WIDTH="79" HEIGHT="36" CONTENT="and" WC="0.99" CC="030"/>
						<SP ID="P16_SP00325" HPOS="1594" VPOS="1285" WIDTH="17"/>
						<String ID="P16_ST00378" HPOS="1611" VPOS="1243" WIDTH="11" HEIGHT="35" CONTENT="I" WC="0.80" CC="1"/>
						<SP ID="P16_SP00326" HPOS="1622" VPOS="1285" WIDTH="17"/>
						<String ID="P16_ST00379" HPOS="1639" VPOS="1254" WIDTH="83" HEIGHT="24" CONTENT="saw" WC="0.99" CC="010"/>
						<SP ID="P16_SP00327" HPOS="1723" VPOS="1285" WIDTH="17"/>
						<String ID="P16_ST00380" HPOS="1740" VPOS="1239" WIDTH="98" HEIGHT="36" CONTENT="their" WC="0.99" CC="52010"/>
						<SP ID="P16_SP00328" HPOS="1838" VPOS="1285" WIDTH="16"/>
						<String ID="P16_ST00381" HPOS="1854" VPOS="1239" WIDTH="65" HEIGHT="50" CONTENT="log" WC="0.96" CC="009"/>
						<SP ID="P16_SP00329" HPOS="1918" VPOS="1290" WIDTH="16"/>
						<String ID="P16_ST00382" HPOS="1934" VPOS="1239" WIDTH="124" HEIGHT="35" CONTENT="books" WC="0.99" CC="40000"/>
					</TextLine>
					<TextLine ID="P16_TL00054" HPOS="1135" VPOS="1296" WIDTH="923" HEIGHT="54">
						<String ID="P16_ST00383" HPOS="1135" VPOS="1301" WIDTH="43" HEIGHT="36" CONTENT="of" WC="0.72" CC="05"/>
						<SP ID="P16_SP00330" HPOS="1178" VPOS="1337" WIDTH="11"/>
						<String ID="P16_ST00384" HPOS="1189" VPOS="1301" WIDTH="66" HEIGHT="36" CONTENT="the" WC="0.97" CC="160"/>
						<SP ID="P16_SP00331" HPOS="1255" VPOS="1337" WIDTH="11"/>
						<String ID="P16_ST00385" HPOS="1266" VPOS="1301" WIDTH="91" HEIGHT="36" CONTENT="data" WC="0.98" CC="0024"/>
						<SP ID="P16_SP00332" HPOS="1357" VPOS="1337" WIDTH="13"/>
						<String ID="P16_ST00386" HPOS="1370" VPOS="1299" WIDTH="91" HEIGHT="50" CONTENT="they" WC="0.98" CC="6001"/>
						<SP ID="P16_SP00333" HPOS="1461" VPOS="1350" WIDTH="13"/>
						<String ID="P16_ST00387" HPOS="1474" VPOS="1299" WIDTH="198" HEIGHT="36" CONTENT="collected." WC="1.00" CC="0124032000"/>
						<SP ID="P16_SP00334" HPOS="1672" VPOS="1350" WIDTH="14"/>
						<String ID="P16_ST00388" HPOS="1687" VPOS="1299" WIDTH="13" HEIGHT="35" CONTENT="I" WC="1.00" CC="0"/>
						<SP ID="P16_SP00335" HPOS="1699" VPOS="1350" WIDTH="14"/>
						<String ID="P16_ST00389" HPOS="1713" VPOS="1309" WIDTH="117" HEIGHT="38" CONTENT="guess" WC="0.99" CC="90000"/>
						<SP ID="P16_SP00336" HPOS="1830" VPOS="1350" WIDTH="14"/>
						<String ID="P16_ST00390" HPOS="1844" VPOS="1299" WIDTH="27" HEIGHT="33" CONTENT="it" WC="0.86" CC="02"/>
						<SP ID="P16_SP00337" HPOS="1871" VPOS="1350" WIDTH="11"/>
						<String ID="P16_ST00391" HPOS="1882" VPOS="1309" WIDTH="83" HEIGHT="24" CONTENT="was" WC="1.00" CC="000"/>
						<SP ID="P16_SP00338" HPOS="1965" VPOS="1350" WIDTH="13"/>
						<String ID="P16_ST00392" HPOS="1978" VPOS="1296" WIDTH="80" HEIGHT="36" CONTENT="that" WC="0.99" CC="0032"/>
					</TextLine>
					<TextLine ID="P16_TL00055" HPOS="1137" VPOS="1357" WIDTH="447" HEIGHT="47">
						<String ID="P16_ST00393" HPOS="1137" VPOS="1370" WIDTH="41" HEIGHT="25" CONTENT="as" WC="1.00" CC="00"/>
						<SP ID="P16_SP00339" HPOS="1178" VPOS="1395" WIDTH="17"/>
						<String ID="P16_ST00394" HPOS="1195" VPOS="1357" WIDTH="118" HEIGHT="38" CONTENT="much" WC="1.00" CC="0000"/>
						<SP ID="P16_SP00340" HPOS="1313" VPOS="1395" WIDTH="14"/>
						<String ID="P16_ST00395" HPOS="1328" VPOS="1370" WIDTH="41" HEIGHT="24" CONTENT="as" WC="1.00" CC="00"/>
						<SP ID="P16_SP00341" HPOS="1369" VPOS="1395" WIDTH="17"/>
						<String ID="P16_ST00396" HPOS="1386" VPOS="1357" WIDTH="198" HEIGHT="47" CONTENT="anything." WC="1.00" CC="060002000"/>
					</TextLine>
					<TextLine ID="P16_TL00056" HPOS="1195" VPOS="1409" WIDTH="865" HEIGHT="56">
						<String ID="P16_ST00397" HPOS="1195" VPOS="1416" WIDTH="72" HEIGHT="49" CONTENT="My" WC="1.00" CC="00"/>
						<SP ID="P16_SP00342" HPOS="1268" VPOS="1465" WIDTH="24"/>
						<String ID="P16_ST00398" HPOS="1291" VPOS="1413" WIDTH="88" HEIGHT="38" CONTENT="first" WC="0.99" CC="10102"/>
						<SP ID="P16_SP00343" HPOS="1380" VPOS="1465" WIDTH="20"/>
						<String ID="P16_ST00399" HPOS="1400" VPOS="1413" WIDTH="65" HEIGHT="50" CONTENT="job" WC="0.98" CC="600"/>
						<SP ID="P16_SP00344" HPOS="1465" VPOS="1465" WIDTH="27"/>
						<String ID="P16_ST00400" HPOS="1491" VPOS="1424" WIDTH="83" HEIGHT="24" CONTENT="was" WC="0.99" CC="030"/>
						<SP ID="P16_SP00345" HPOS="1575" VPOS="1465" WIDTH="25"/>
						<String ID="P16_ST00401" HPOS="1600" VPOS="1413" WIDTH="41" HEIGHT="35" CONTENT="in" WC="0.83" CC="30"/>
						<SP ID="P16_SP00346" HPOS="1641" VPOS="1465" WIDTH="24"/>
						<String ID="P16_ST00402" HPOS="1665" VPOS="1424" WIDTH="19" HEIGHT="24" CONTENT="a" WC="1.00" CC="0"/>
						<SP ID="P16_SP00347" HPOS="1683" VPOS="1465" WIDTH="25"/>
						<String ID="P16_ST00403" HPOS="1709" VPOS="1411" WIDTH="65" HEIGHT="36" CONTENT="lab" WC="0.97" CC="530"/>
						<SP ID="P16_SP00348" HPOS="1773" VPOS="1465" WIDTH="25"/>
						<String ID="P16_ST00404" HPOS="1798" VPOS="1414" WIDTH="38" HEIGHT="33" CONTENT="at" WC="1.00" CC="00"/>
						<SP ID="P16_SP00349" HPOS="1836" VPOS="1465" WIDTH="24"/>
						<String ID="P16_ST00405" HPOS="1860" VPOS="1411" WIDTH="91" HEIGHT="35" CONTENT="MIT" WC="1.00" CC="000"/>
						<SP ID="P16_SP00350" HPOS="1951" VPOS="1465" WIDTH="25"/>
						<String ID="P16_ST00406" HPOS="1976" VPOS="1409" WIDTH="83" HEIGHT="36" CONTENT="that" WC="0.98" CC="2502"/>
					</TextLine>
					<TextLine ID="P16_TL00057" HPOS="1137" VPOS="1466" WIDTH="921" HEIGHT="54">
						<String ID="P16_ST00407" HPOS="1137" VPOS="1472" WIDTH="153" HEIGHT="36" CONTENT="needed" WC="0.99" CC="700000"/>
						<SP ID="P16_SP00351" HPOS="1290" VPOS="1509" WIDTH="13"/>
						<String ID="P16_ST00408" HPOS="1302" VPOS="1483" WIDTH="20" HEIGHT="25" CONTENT="a" WC="0.94" CC="0"/>
						<SP ID="P16_SP00352" HPOS="1323" VPOS="1509" WIDTH="11"/>
						<String ID="P16_ST00409" HPOS="1334" VPOS="1471" WIDTH="191" HEIGHT="49" CONTENT="biologist," WC="0.99" CC="3003080044"/>
						<SP ID="P16_SP00353" HPOS="1524" VPOS="1520" WIDTH="11"/>
						<String ID="P16_ST00410" HPOS="1535" VPOS="1482" WIDTH="44" HEIGHT="24" CONTENT="so" WC="1.00" CC="00"/>
						<SP ID="P16_SP00354" HPOS="1580" VPOS="1520" WIDTH="13"/>
						<String ID="P16_ST00411" HPOS="1592" VPOS="1469" WIDTH="69" HEIGHT="36" CONTENT="I'm" WC="0.98" CC="040"/>
						<SP ID="P16_SP00355" HPOS="1661" VPOS="1520" WIDTH="11"/>
						<String ID="P16_ST00412" HPOS="1672" VPOS="1468" WIDTH="142" HEIGHT="49" CONTENT="largely" WC="1.00" CC="5020000"/>
						<SP ID="P16_SP00356" HPOS="1814" VPOS="1520" WIDTH="11"/>
						<String ID="P16_ST00413" HPOS="1825" VPOS="1466" WIDTH="233" HEIGHT="50" CONTENT="self-taught." WC="1.00" CC="005500000040"/>
					</TextLine>
					<TextLine ID="P16_TL00058" HPOS="1139" VPOS="1524" WIDTH="923" HEIGHT="54">
						<String ID="P16_ST00414" HPOS="1139" VPOS="1531" WIDTH="13" HEIGHT="35" CONTENT="I" WC="1.00" CC="0"/>
						<SP ID="P16_SP00357" HPOS="1151" VPOS="1565" WIDTH="13"/>
						<String ID="P16_ST00415" HPOS="1164" VPOS="1529" WIDTH="93" HEIGHT="36" CONTENT="took" WC="0.98" CC="4004"/>
						<SP ID="P16_SP00358" HPOS="1257" VPOS="1565" WIDTH="13"/>
						<String ID="P16_ST00416" HPOS="1269" VPOS="1540" WIDTH="94" HEIGHT="25" CONTENT="over" WC="1.00" CC="2000"/>
						<SP ID="P16_SP00359" HPOS="1364" VPOS="1565" WIDTH="13"/>
						<String ID="P16_ST00417" HPOS="1376" VPOS="1540" WIDTH="19" HEIGHT="24" CONTENT="a" WC="1.00" CC="0"/>
						<SP ID="P16_SP00360" HPOS="1395" VPOS="1565" WIDTH="14"/>
						<String ID="P16_ST00418" HPOS="1409" VPOS="1539" WIDTH="186" HEIGHT="39" CONTENT="program" WC="0.99" CC="0240025"/>
						<SP ID="P16_SP00361" HPOS="1595" VPOS="1578" WIDTH="9"/>
						<String ID="P16_ST00419" HPOS="1605" VPOS="1526" WIDTH="93" HEIGHT="50" CONTENT="they" WC="0.99" CC="4000"/>
						<SP ID="P16_SP00362" HPOS="1698" VPOS="1578" WIDTH="11"/>
						<String ID="P16_ST00420" HPOS="1709" VPOS="1526" WIDTH="79" HEIGHT="35" CONTENT="had" WC="1.00" CC="000"/>
						<SP ID="P16_SP00363" HPOS="1787" VPOS="1578" WIDTH="13"/>
						<String ID="P16_ST00421" HPOS="1800" VPOS="1535" WIDTH="54" HEIGHT="25" CONTENT="on" WC="0.49" CC="45"/>
						<SP ID="P16_SP00364" HPOS="1854" VPOS="1578" WIDTH="11"/>
						<String ID="P16_ST00422" HPOS="1865" VPOS="1524" WIDTH="197" HEIGHT="47" CONTENT="declining" WC="0.99" CC="000710009"/>
					</TextLine>
					<TextLine ID="P16_TL00059" HPOS="1139" VPOS="1583" WIDTH="923" HEIGHT="41">
						<String ID="P16_ST00423" HPOS="1139" VPOS="1597" WIDTH="157" HEIGHT="27" CONTENT="sources" WC="1.00" CC="0300001"/>
						<SP ID="P16_SP00365" HPOS="1296" VPOS="1624" WIDTH="14"/>
						<String ID="P16_ST00424" HPOS="1310" VPOS="1586" WIDTH="41" HEIGHT="36" CONTENT="of" WC="0.52" CC="35"/>
						<SP ID="P16_SP00366" HPOS="1351" VPOS="1624" WIDTH="13"/>
						<String ID="P16_ST00425" HPOS="1364" VPOS="1587" WIDTH="187" HEIGHT="35" CONTENT="reservoir" WC="1.00" CC="300050000"/>
						<SP ID="P16_SP00367" HPOS="1551" VPOS="1624" WIDTH="13"/>
						<String ID="P16_ST00426" HPOS="1564" VPOS="1583" WIDTH="123" HEIGHT="38" CONTENT="based" WC="0.99" CC="40100"/>
						<SP ID="P16_SP00368" HPOS="1687" VPOS="1624" WIDTH="14"/>
						<String ID="P16_ST00427" HPOS="1701" VPOS="1583" WIDTH="307" HEIGHT="36" CONTENT="contamination" WC="1.00" CC="0010000700105"/>
						<SP ID="P16_SP00369" HPOS="2008" VPOS="1624" WIDTH="14"/>
						<String ID="P16_ST00428" HPOS="2022" VPOS="1583" WIDTH="39" HEIGHT="33" CONTENT="in" WC="0.84" CC="03"/>
					</TextLine>
					<TextLine ID="P16_TL00060" HPOS="1457" VPOS="1636" WIDTH="605" HEIGHT="55">
						<String ID="P16_ST00429" HPOS="1457" VPOS="1641" WIDTH="83" HEIGHT="50" CONTENT="Bay," WC="0.97" CC="4064"/>
						<SP ID="P16_SP00370" HPOS="1540" VPOS="1691" WIDTH="11"/>
						<String ID="P16_ST00430" HPOS="1551" VPOS="1641" WIDTH="225" HEIGHT="47" CONTENT="examining" WC="1.00" CC="000040500"/>
						<SP ID="P16_SP00371" HPOS="1776" VPOS="1691" WIDTH="11"/>
						<String ID="P16_ST00431" HPOS="1787" VPOS="1638" WIDTH="184" HEIGHT="36" CONTENT="chemical" WC="0.99" CC="00000505"/>
						<SP ID="P16_SP00372" HPOS="1972" VPOS="1691" WIDTH="13"/>
						<String ID="P16_ST00432" HPOS="1984" VPOS="1636" WIDTH="77" HEIGHT="38" CONTENT="and" WC="0.98" CC="060"/>
					</TextLine>
					<TextLine ID="P16_TL00061" HPOS="1139" VPOS="1696" WIDTH="923" HEIGHT="54">
						<String ID="P16_ST00433" HPOS="1139" VPOS="1699" WIDTH="208" HEIGHT="50" CONTENT="biological" WC="0.99" CC="0500260025"/>
						<SP ID="P16_SP00373" HPOS="1346" VPOS="1750" WIDTH="19"/>
						<String ID="P16_ST00434" HPOS="1365" VPOS="1699" WIDTH="194" HEIGHT="49" CONTENT="dredging" WC="0.99" CC="00800003"/>
						<SP ID="P16_SP00374" HPOS="1559" VPOS="1750" WIDTH="19"/>
						<String ID="P16_ST00435" HPOS="1578" VPOS="1698" WIDTH="118" HEIGHT="49" CONTENT="along" WC="0.97" CC="40078"/>
						<SP ID="P16_SP00375" HPOS="1696" VPOS="1750" WIDTH="17"/>
						<String ID="P16_ST00436" HPOS="1713" VPOS="1709" WIDTH="65" HEIGHT="25" CONTENT="sea" WC="1.00" CC="000"/>
						<SP ID="P16_SP00376" HPOS="1778" VPOS="1750" WIDTH="20"/>
						<String ID="P16_ST00437" HPOS="1798" VPOS="1696" WIDTH="129" HEIGHT="36" CONTENT="floors." WC="0.99" CC="3233400"/>
						<SP ID="P16_SP00377" HPOS="1928" VPOS="1750" WIDTH="20"/>
						<String ID="P16_ST00438" HPOS="1948" VPOS="1696" WIDTH="13" HEIGHT="35" CONTENT="I" WC="1.00" CC="0"/>
						<SP ID="P16_SP00378" HPOS="1961" VPOS="1750" WIDTH="19"/>
						<String ID="P16_ST00439" HPOS="1980" VPOS="1707" WIDTH="82" HEIGHT="24" CONTENT="was" WC="0.99" CC="003"/>
					</TextLine>
					<TextLine ID="P16_TL00062" HPOS="1140" VPOS="1753" WIDTH="791" HEIGHT="54">
						<String ID="P16_ST00440" HPOS="1140" VPOS="1756" WIDTH="203" HEIGHT="50" CONTENT="primarily" WC="0.99" CC="830000058"/>
						<SP ID="P16_SP00379" HPOS="1343" VPOS="1806" WIDTH="13"/>
						<String ID="P16_ST00441" HPOS="1356" VPOS="1754" WIDTH="241" HEIGHT="50" CONTENT="responsible" WC="1.00" CC="40000700010"/>
						<SP ID="P16_SP00380" HPOS="1597" VPOS="1806" WIDTH="16"/>
						<String ID="P16_ST00442" HPOS="1613" VPOS="1753" WIDTH="60" HEIGHT="36" CONTENT="for" WC="0.98" CC="320"/>
						<SP ID="P16_SP00381" HPOS="1672" VPOS="1806" WIDTH="14"/>
						<String ID="P16_ST00443" HPOS="1687" VPOS="1753" WIDTH="65" HEIGHT="36" CONTENT="the" WC="0.95" CC="452"/>
						<SP ID="P16_SP00382" HPOS="1751" VPOS="1806" WIDTH="13"/>
						<String ID="P16_ST00444" HPOS="1764" VPOS="1753" WIDTH="167" HEIGHT="49" CONTENT="biology." WC="0.99" CC="02040900"/>
					</TextLine>
					<TextLine ID="P16_TL00063" HPOS="1142" VPOS="1808" WIDTH="920" HEIGHT="52">
						<String ID="P16_ST00445" HPOS="1142" VPOS="1816" WIDTH="49" HEIGHT="44" CONTENT="Q." WC="1.00" CC="00" STYLEREFS="TXT_4"/>
						<SP ID="P16_SP00383" HPOS="1191" VPOS="1860" WIDTH="22"/>
						<String ID="P16_ST00446" HPOS="1213" VPOS="1816" WIDTH="96" HEIGHT="35" CONTENT="How" WC="0.98" CC="050" STYLEREFS="TXT_4"/>
						<SP ID="P16_SP00384" HPOS="1309" VPOS="1860" WIDTH="17"/>
						<String ID="P16_ST00447" HPOS="1326" VPOS="1813" WIDTH="98" HEIGHT="36" CONTENT="have" WC="0.99" CC="4000" STYLEREFS="TXT_4"/>
						<SP ID="P16_SP00385" HPOS="1424" VPOS="1860" WIDTH="16"/>
						<String ID="P16_ST00448" HPOS="1439" VPOS="1822" WIDTH="74" HEIGHT="38" CONTENT="you" WC="0.98" CC="040" STYLEREFS="TXT_4"/>
						<SP ID="P16_SP00386" HPOS="1513" VPOS="1860" WIDTH="17"/>
						<String ID="P16_ST00449" HPOS="1531" VPOS="1822" WIDTH="91" HEIGHT="25" CONTENT="seen" WC="0.98" CC="5003" STYLEREFS="TXT_4"/>
						<SP ID="P16_SP00387" HPOS="1622" VPOS="1860" WIDTH="17"/>
						<String ID="P16_ST00450" HPOS="1639" VPOS="1809" WIDTH="66" HEIGHT="38" CONTENT="the" WC="0.97" CC="060" STYLEREFS="TXT_4"/>
						<SP ID="P16_SP00388" HPOS="1706" VPOS="1860" WIDTH="16"/>
						<String ID="P16_ST00451" HPOS="1721" VPOS="1808" WIDTH="91" HEIGHT="39" CONTENT="field" WC="0.99" CC="52000" STYLEREFS="TXT_4"/>
						<SP ID="P16_SP00389" HPOS="1813" VPOS="1860" WIDTH="17"/>
						<String ID="P16_ST00452" HPOS="1830" VPOS="1808" WIDTH="44" HEIGHT="38" CONTENT="of" WC="0.48" CC="36" STYLEREFS="TXT_4"/>
						<SP ID="P16_SP00390" HPOS="1874" VPOS="1860" WIDTH="13"/>
						<String ID="P16_ST00453" HPOS="1887" VPOS="1808" WIDTH="154" HEIGHT="38" CONTENT="environ" SUBS_TYPE="HypPart1" SUBS_CONTENT="environmental" WC="1.00" CC="0500020" STYLEREFS="TXT_4"/>
						<HYP HPOS="2041" VPOS="1808" WIDTH="20" CONTENT="-"/>
					</TextLine>
					<TextLine ID="P16_TL00064" HPOS="1142" VPOS="1865" WIDTH="920" HEIGHT="52">
						<String ID="P16_ST00454" HPOS="1142" VPOS="1869" WIDTH="142" HEIGHT="38" CONTENT="mental" SUBS_TYPE="HypPart2" SUBS_CONTENT="environmental" WC="0.99" CC="900400" STYLEREFS="TXT_4"/>
						<SP ID="P16_SP00391" HPOS="1283" VPOS="1907" WIDTH="19"/>
						<String ID="P16_ST00455" HPOS="1302" VPOS="1868" WIDTH="145" HEIGHT="39" CONTENT="studies" WC="0.99" CC="4500010" STYLEREFS="TXT_4"/>
						<SP ID="P16_SP00392" HPOS="1447" VPOS="1907" WIDTH="17"/>
						<String ID="P16_ST00456" HPOS="1465" VPOS="1868" WIDTH="150" HEIGHT="49" CONTENT="change" WC="1.00" CC="000020" STYLEREFS="TXT_4"/>
						<SP ID="P16_SP00393" HPOS="1614" VPOS="1917" WIDTH="16"/>
						<String ID="P16_ST00457" HPOS="1630" VPOS="1865" WIDTH="77" HEIGHT="39" CONTENT="and" WC="1.00" CC="000" STYLEREFS="TXT_4"/>
						<SP ID="P16_SP00394" HPOS="1707" VPOS="1917" WIDTH="19"/>
						<String ID="P16_ST00458" HPOS="1726" VPOS="1865" WIDTH="139" HEIGHT="50" CONTENT="having" WC="1.00" CC="000050" STYLEREFS="TXT_4"/>
						<SP ID="P16_SP00395" HPOS="1865" VPOS="1917" WIDTH="17"/>
						<String ID="P16_ST00459" HPOS="1882" VPOS="1876" WIDTH="90" HEIGHT="27" CONTENT="seen" WC="0.99" CC="4000" STYLEREFS="TXT_4"/>
						<SP ID="P16_SP00396" HPOS="1972" VPOS="1917" WIDTH="17"/>
						<String ID="P16_ST00460" HPOS="1989" VPOS="1865" WIDTH="72" HEIGHT="36" CONTENT="this" WC="0.99" CC="4001" STYLEREFS="TXT_4"/>
					</TextLine>
					<TextLine ID="P16_TL00065" HPOS="1142" VPOS="1920" WIDTH="920" HEIGHT="57">
						<String ID="P16_ST00461" HPOS="1142" VPOS="1926" WIDTH="162" HEIGHT="50" CONTENT="change," WC="0.99" CC="0006030" STYLEREFS="TXT_4"/>
						<SP ID="P16_SP00397" HPOS="1304" VPOS="1976" WIDTH="24"/>
						<String ID="P16_ST00462" HPOS="1328" VPOS="1926" WIDTH="88" HEIGHT="36" CONTENT="how" WC="0.94" CC="059" STYLEREFS="TXT_4"/>
						<SP ID="P16_SP00398" HPOS="1416" VPOS="1976" WIDTH="22"/>
						<String ID="P16_ST00463" HPOS="1438" VPOS="1926" WIDTH="94" HEIGHT="36" CONTENT="does" WC="0.98" CC="0215" STYLEREFS="TXT_4"/>
						<SP ID="P16_SP00399" HPOS="1532" VPOS="1976" WIDTH="20"/>
						<String ID="P16_ST00464" HPOS="1553" VPOS="1926" WIDTH="27" HEIGHT="35" CONTENT="it" WC="0.69" CC="05" STYLEREFS="TXT_4"/>
						<SP ID="P16_SP00400" HPOS="1580" VPOS="1976" WIDTH="24"/>
						<String ID="P16_ST00465" HPOS="1603" VPOS="1923" WIDTH="194" HEIGHT="38" CONTENT="influence" WC="0.99" CC="605300500" STYLEREFS="TXT_4"/>
						<SP ID="P16_SP00401" HPOS="1797" VPOS="1976" WIDTH="20"/>
						<String ID="P16_ST00466" HPOS="1817" VPOS="1934" WIDTH="96" HEIGHT="38" CONTENT="your" WC="0.99" CC="0600" STYLEREFS="TXT_4"/>
						<SP ID="P16_SP00402" HPOS="1913" VPOS="1976" WIDTH="20"/>
						<String ID="P16_ST00467" HPOS="1934" VPOS="1920" WIDTH="107" HEIGHT="39" CONTENT="teach" SUBS_TYPE="HypPart1" SUBS_CONTENT="teaching?" WC="1.00" CC="00000" STYLEREFS="TXT_4"/>
						<HYP HPOS="2041" VPOS="1920" WIDTH="20" CONTENT="-"/>
					</TextLine>
					<TextLine ID="P16_TL00066" HPOS="1143" VPOS="1984" WIDTH="80" HEIGHT="49">
						<String ID="P16_ST00468" HPOS="1143" VPOS="1984" WIDTH="80" HEIGHT="49" CONTENT="ing?" SUBS_TYPE="HypPart2" SUBS_CONTENT="teaching?" WC="0.98" CC="0135" STYLEREFS="TXT_4"/>
					</TextLine>
				</TextBlock>
				<TextBlock ID="P16_TB00010" HPOS="1143" VPOS="2035" WIDTH="934" HEIGHT="345" language="en" STYLEREFS="TXT_5 PAR_BLOCK">
					<TextLine ID="P16_TL00067" HPOS="1143" VPOS="2036" WIDTH="922" HEIGHT="54">
						<String ID="P16_ST00469" HPOS="1143" VPOS="2043" WIDTH="44" HEIGHT="35" CONTENT="A." WC="1.00" CC="00"/>
						<SP ID="P16_SP00403" HPOS="1187" VPOS="2077" WIDTH="16"/>
						<String ID="P16_ST00470" HPOS="1203" VPOS="2043" WIDTH="112" HEIGHT="35" CONTENT="From" WC="1.00" CC="0000"/>
						<SP ID="P16_SP00404" HPOS="1315" VPOS="2077" WIDTH="11"/>
						<String ID="P16_ST00471" HPOS="1326" VPOS="2041" WIDTH="66" HEIGHT="36" CONTENT="the" WC="0.96" CC="550"/>
						<SP ID="P16_SP00405" HPOS="1392" VPOS="2077" WIDTH="11"/>
						<String ID="P16_ST00472" HPOS="1403" VPOS="2039" WIDTH="137" HEIGHT="50" CONTENT="period" WC="0.99" CC="001150"/>
						<SP ID="P16_SP00406" HPOS="1540" VPOS="2090" WIDTH="13"/>
						<String ID="P16_ST00473" HPOS="1553" VPOS="2039" WIDTH="43" HEIGHT="35" CONTENT="of" WC="0.76" CC="04"/>
						<SP ID="P16_SP00407" HPOS="1595" VPOS="2090" WIDTH="11"/>
						<String ID="P16_ST00474" HPOS="1606" VPOS="2039" WIDTH="93" HEIGHT="35" CONTENT="1970" WC="0.75" CC="6030"/>
						<SP ID="P16_SP00408" HPOS="1699" VPOS="2090" WIDTH="13"/>
						<String ID="P16_ST00475" HPOS="1712" VPOS="2043" WIDTH="39" HEIGHT="31" CONTENT="to" WC="0.85" CC="11"/>
						<SP ID="P16_SP00409" HPOS="1751" VPOS="2090" WIDTH="11"/>
						<String ID="P16_ST00476" HPOS="1762" VPOS="2038" WIDTH="66" HEIGHT="36" CONTENT="the" WC="0.97" CC="800"/>
						<SP ID="P16_SP00410" HPOS="1828" VPOS="2090" WIDTH="11"/>
						<String ID="P16_ST00477" HPOS="1839" VPOS="2041" WIDTH="156" HEIGHT="46" CONTENT="present" WC="1.00" CC="0100000"/>
						<SP ID="P16_SP00411" HPOS="1995" VPOS="2090" WIDTH="13"/>
						<String ID="P16_ST00478" HPOS="2008" VPOS="2036" WIDTH="57" HEIGHT="36" CONTENT="for" WC="0.99" CC="100"/>
					</TextLine>
					<TextLine ID="P16_TL00068" HPOS="1143" VPOS="2096" WIDTH="923" HEIGHT="49">
						<String ID="P16_ST00479" HPOS="1143" VPOS="2099" WIDTH="143" HEIGHT="36" CONTENT="almost" WC="1.00" CC="010100"/>
						<SP ID="P16_SP00412" HPOS="1287" VPOS="2135" WIDTH="22"/>
						<String ID="P16_ST00480" HPOS="1309" VPOS="2109" WIDTH="120" HEIGHT="36" CONTENT="every" WC="1.00" CC="00040"/>
						<SP ID="P16_SP00413" HPOS="1428" VPOS="2145" WIDTH="19"/>
						<String ID="P16_ST00481" HPOS="1447" VPOS="2096" WIDTH="175" HEIGHT="36" CONTENT="variable" WC="1.00" CC="00100250"/>
						<SP ID="P16_SP00414" HPOS="1622" VPOS="2145" WIDTH="22"/>
						<String ID="P16_ST00482" HPOS="1644" VPOS="2106" WIDTH="181" HEIGHT="25" CONTENT="measure" WC="0.99" CC="6001050"/>
						<SP ID="P16_SP00415" HPOS="1825" VPOS="2145" WIDTH="22"/>
						<String ID="P16_ST00483" HPOS="1847" VPOS="2096" WIDTH="41" HEIGHT="33" CONTENT="in" WC="0.34" CC="57"/>
						<SP ID="P16_SP00416" HPOS="1888" VPOS="2145" WIDTH="20"/>
						<String ID="P16_ST00484" HPOS="1909" VPOS="2098" WIDTH="157" HEIGHT="44" CONTENT="estuary" WC="0.99" CC="0654030"/>
					</TextLine>
					<TextLine ID="P16_TL00069" HPOS="1143" VPOS="2151" WIDTH="924" HEIGHT="43">
						<String ID="P16_ST00485" HPOS="1143" VPOS="2161" WIDTH="140" HEIGHT="30" CONTENT="waters" WC="0.99" CC="040050"/>
						<SP ID="P16_SP00417" HPOS="1283" VPOS="2191" WIDTH="17"/>
						<String ID="P16_ST00486" HPOS="1301" VPOS="2156" WIDTH="41" HEIGHT="33" CONTENT="in" WC="0.51" CC="54"/>
						<SP ID="P16_SP00418" HPOS="1342" VPOS="2191" WIDTH="16"/>
						<String ID="P16_ST00487" HPOS="1357" VPOS="2153" WIDTH="65" HEIGHT="36" CONTENT="the" WC="0.96" CC="460"/>
						<SP ID="P16_SP00419" HPOS="1422" VPOS="2191" WIDTH="16"/>
						<String ID="P16_ST00488" HPOS="1438" VPOS="2159" WIDTH="151" HEIGHT="30" CONTENT="eastern" WC="0.99" CC="0006006"/>
						<SP ID="P16_SP00420" HPOS="1589" VPOS="2191" WIDTH="16"/>
						<String ID="P16_ST00489" HPOS="1605" VPOS="2151" WIDTH="146" HEIGHT="36" CONTENT="United" WC="1.00" CC="041000"/>
						<SP ID="P16_SP00421" HPOS="1751" VPOS="2191" WIDTH="17"/>
						<String ID="P16_ST00490" HPOS="1769" VPOS="2151" WIDTH="132" HEIGHT="43" CONTENT="States," WC="0.99" CC="0320003"/>
						<SP ID="P16_SP00422" HPOS="1901" VPOS="2194" WIDTH="16"/>
						<String ID="P16_ST00491" HPOS="1917" VPOS="2161" WIDTH="63" HEIGHT="25" CONTENT="we" WC="1.00" CC="00"/>
						<SP ID="P16_SP00423" HPOS="1980" VPOS="2194" WIDTH="16"/>
						<String ID="P16_ST00492" HPOS="1995" VPOS="2161" WIDTH="72" HEIGHT="25" CONTENT="can" WC="1.00" CC="000"/>
					</TextLine>
					<TextLine ID="P16_TL00070" HPOS="1143" VPOS="2206" WIDTH="923" HEIGHT="54">
						<String ID="P16_ST00493" HPOS="1143" VPOS="2224" WIDTH="66" HEIGHT="24" CONTENT="see" WC="1.00" CC="000"/>
						<SP ID="P16_SP00424" HPOS="1209" VPOS="2247" WIDTH="19"/>
						<String ID="P16_ST00494" HPOS="1228" VPOS="2213" WIDTH="288" HEIGHT="47" CONTENT="improvement" WC="1.00" CC="05740000001"/>
						<SP ID="P16_SP00425" HPOS="1517" VPOS="2260" WIDTH="19"/>
						<String ID="P16_ST00495" HPOS="1535" VPOS="2213" WIDTH="41" HEIGHT="33" CONTENT="in" WC="0.54" CC="17"/>
						<SP ID="P16_SP00426" HPOS="1576" VPOS="2260" WIDTH="19"/>
						<String ID="P16_ST00496" HPOS="1595" VPOS="2209" WIDTH="65" HEIGHT="36" CONTENT="the" WC="1.00" CC="000"/>
						<SP ID="P16_SP00427" HPOS="1660" VPOS="2260" WIDTH="17"/>
						<String ID="P16_ST00497" HPOS="1677" VPOS="2213" WIDTH="123" HEIGHT="31" CONTENT="water" WC="0.99" CC="03002"/>
						<SP ID="P16_SP00428" HPOS="1800" VPOS="2260" WIDTH="19"/>
						<String ID="P16_ST00498" HPOS="1819" VPOS="2206" WIDTH="148" HEIGHT="50" CONTENT="quality" WC="0.99" CC="0301006"/>
						<SP ID="P16_SP00429" HPOS="1967" VPOS="2260" WIDTH="19"/>
						<String ID="P16_ST00499" HPOS="1986" VPOS="2217" WIDTH="41" HEIGHT="25" CONTENT="as" WC="0.91" CC="01"/>
						<SP ID="P16_SP00430" HPOS="2027" VPOS="2260" WIDTH="19"/>
						<String ID="P16_ST00500" HPOS="2046" VPOS="2217" WIDTH="20" HEIGHT="24" CONTENT="a" WC="1.00" CC="0"/>
					</TextLine>
					<TextLine ID="P16_TL00071" HPOS="1145" VPOS="2266" WIDTH="923" HEIGHT="51">
						<String ID="P16_ST00501" HPOS="1145" VPOS="2268" WIDTH="120" HEIGHT="38" CONTENT="result" WC="1.00" CC="000022"/>
						<SP ID="P16_SP00431" HPOS="1265" VPOS="2306" WIDTH="20"/>
						<String ID="P16_ST00502" HPOS="1285" VPOS="2268" WIDTH="43" HEIGHT="36" CONTENT="of" WC="0.82" CC="03"/>
						<SP ID="P16_SP00432" HPOS="1328" VPOS="2306" WIDTH="20"/>
						<String ID="P16_ST00503" HPOS="1348" VPOS="2266" WIDTH="146" HEIGHT="38" CONTENT="federal" WC="0.99" CC="0000513"/>
						<SP ID="P16_SP00433" HPOS="1494" VPOS="2306" WIDTH="22"/>
						<String ID="P16_ST00504" HPOS="1517" VPOS="2266" WIDTH="217" HEIGHT="50" CONTENT="regulation" WC="0.99" CC="4090460001"/>
						<SP ID="P16_SP00434" HPOS="1734" VPOS="2317" WIDTH="22"/>
						<String ID="P16_ST00505" HPOS="1756" VPOS="2266" WIDTH="172" HEIGHT="47" CONTENT="creating" WC="0.99" CC="00005209"/>
						<SP ID="P16_SP00435" HPOS="1928" VPOS="2317" WIDTH="19"/>
						<String ID="P16_ST00506" HPOS="1946" VPOS="2268" WIDTH="121" HEIGHT="31" CONTENT="water" WC="1.00" CC="00300"/>
					</TextLine>
					<TextLine ID="P16_TL00072" HPOS="1145" VPOS="2320" WIDTH="923" HEIGHT="54">
						<String ID="P16_ST00507" HPOS="1145" VPOS="2329" WIDTH="206" HEIGHT="31" CONTENT="treatment" WC="1.00" CC="100050000"/>
						<SP ID="P16_SP00436" HPOS="1351" VPOS="2361" WIDTH="17"/>
						<String ID="P16_ST00508" HPOS="1369" VPOS="2324" WIDTH="140" HEIGHT="49" CONTENT="plants." WC="0.99" CC="0200500"/>
						<SP ID="P16_SP00437" HPOS="1509" VPOS="2373" WIDTH="35"/>
						<String ID="P16_ST00509" HPOS="1543" VPOS="2324" WIDTH="54" HEIGHT="47" CONTENT="By" WC="0.81" CC="11"/>
						<SP ID="P16_SP00438" HPOS="1597" VPOS="2373" WIDTH="19"/>
						<String ID="P16_ST00510" HPOS="1616" VPOS="2323" WIDTH="58" HEIGHT="36" CONTENT="far" WC="0.98" CC="203"/>
						<SP ID="P16_SP00439" HPOS="1674" VPOS="2373" WIDTH="17"/>
						<String ID="P16_ST00511" HPOS="1691" VPOS="2323" WIDTH="63" HEIGHT="35" CONTENT="the" WC="0.99" CC="100"/>
						<SP ID="P16_SP00440" HPOS="1754" VPOS="2373" WIDTH="19"/>
						<String ID="P16_ST00512" HPOS="1773" VPOS="2326" WIDTH="148" HEIGHT="44" CONTENT="system" WC="0.99" CC="060400"/>
						<SP ID="P16_SP00441" HPOS="1921" VPOS="2373" WIDTH="16"/>
						<String ID="P16_ST00513" HPOS="1937" VPOS="2320" WIDTH="131" HEIGHT="36" CONTENT="works" WC="1.00" CC="00000"/>
					</TextLine>
				</TextBlock>
				<TextBlock ID="P16_TB00011" HPOS="1461" VPOS="2380" WIDTH="616" HEIGHT="843" language="en" STYLEREFS="TXT_5 PAR_BLOCK">
					<TextLine ID="P16_TL00073" HPOS="1474" VPOS="2380" WIDTH="595" HEIGHT="47">
						<String ID="P16_ST00514" HPOS="1474" VPOS="2381" WIDTH="129" HEIGHT="36" CONTENT="better." WC="1.00" CC="0010000"/>
						<SP ID="P16_SP00442" HPOS="1603" VPOS="2417" WIDTH="13"/>
						<String ID="P16_ST00515" HPOS="1616" VPOS="2380" WIDTH="203" HEIGHT="43" CONTENT="However," WC="0.99" CC="50000033"/>
						<SP ID="P16_SP00443" HPOS="1819" VPOS="2422" WIDTH="11"/>
						<String ID="P16_ST00516" HPOS="1830" VPOS="2380" WIDTH="180" HEIGHT="47" CONTENT="virtually" WC="1.00" CC="000000150"/>
						<SP ID="P16_SP00444" HPOS="2009" VPOS="2427" WIDTH="13"/>
						<String ID="P16_ST00517" HPOS="2022" VPOS="2380" WIDTH="47" HEIGHT="33" CONTENT="all" WC="0.98" CC="050"/>
					</TextLine>
					<TextLine ID="P16_TL00074" HPOS="1476" VPOS="2433" WIDTH="592" HEIGHT="54">
						<String ID="P16_ST00518" HPOS="1476" VPOS="2443" WIDTH="172" HEIGHT="44" CONTENT="systems" WC="0.99" CC="0027000"/>
						<SP ID="P16_SP00445" HPOS="1647" VPOS="2487" WIDTH="20"/>
						<String ID="P16_ST00519" HPOS="1668" VPOS="2436" WIDTH="101" HEIGHT="36" CONTENT="have" WC="0.99" CC="1300"/>
						<SP ID="P16_SP00446" HPOS="1769" VPOS="2487" WIDTH="24"/>
						<String ID="P16_ST00520" HPOS="1792" VPOS="2435" WIDTH="142" HEIGHT="38" CONTENT="shown" WC="0.99" CC="00107"/>
						<SP ID="P16_SP00447" HPOS="1934" VPOS="2487" WIDTH="20"/>
						<String ID="P16_ST00521" HPOS="1954" VPOS="2433" WIDTH="91" HEIGHT="50" CONTENT="prob" SUBS_TYPE="HypPart1" SUBS_CONTENT="problems" WC="0.99" CC="8000"/>
						<HYP HPOS="2046" VPOS="2433" WIDTH="22" CONTENT="-"/>
					</TextLine>
					<TextLine ID="P16_TL00075" HPOS="1477" VPOS="2491" WIDTH="596" HEIGHT="41">
						<String ID="P16_ST00522" HPOS="1477" VPOS="2494" WIDTH="98" HEIGHT="38" CONTENT="lems" SUBS_TYPE="HypPart2" SUBS_CONTENT="problems" WC="1.00" CC="2000"/>
						<SP ID="P16_SP00448" HPOS="1575" VPOS="2532" WIDTH="20"/>
						<String ID="P16_ST00523" HPOS="1595" VPOS="2493" WIDTH="96" HEIGHT="36" CONTENT="with" WC="0.99" CC="0060"/>
						<SP ID="P16_SP00449" HPOS="1691" VPOS="2532" WIDTH="22"/>
						<String ID="P16_ST00524" HPOS="1713" VPOS="2493" WIDTH="65" HEIGHT="36" CONTENT="the" WC="0.99" CC="200"/>
						<SP ID="P16_SP00450" HPOS="1778" VPOS="2532" WIDTH="22"/>
						<String ID="P16_ST00525" HPOS="1800" VPOS="2493" WIDTH="211" HEIGHT="35" CONTENT="extraction" WC="1.00" CC="0000306010"/>
						<SP ID="P16_SP00451" HPOS="2011" VPOS="2532" WIDTH="19"/>
						<String ID="P16_ST00526" HPOS="2030" VPOS="2491" WIDTH="43" HEIGHT="35" CONTENT="of" WC="0.81" CC="03"/>
					</TextLine>
					<TextLine ID="P16_TL00076" HPOS="1477" VPOS="2548" WIDTH="592" HEIGHT="49">
						<String ID="P16_ST00527" HPOS="1477" VPOS="2551" WIDTH="153" HEIGHT="36" CONTENT="natural" WC="0.98" CC="7563004"/>
						<SP ID="P16_SP00452" HPOS="1630" VPOS="2587" WIDTH="16"/>
						<String ID="P16_ST00528" HPOS="1646" VPOS="2561" WIDTH="208" HEIGHT="31" CONTENT="resources," WC="1.00" CC="3000103004"/>
						<SP ID="P16_SP00453" HPOS="1854" VPOS="2592" WIDTH="16"/>
						<String ID="P16_ST00529" HPOS="1869" VPOS="2550" WIDTH="74" HEIGHT="36" CONTENT="like" WC="0.99" CC="4000"/>
						<SP ID="P16_SP00454" HPOS="1943" VPOS="2592" WIDTH="14"/>
						<String ID="P16_ST00530" HPOS="1957" VPOS="2548" WIDTH="90" HEIGHT="49" CONTENT="prob" SUBS_TYPE="HypPart1" SUBS_CONTENT="problems" WC="0.99" CC="7000"/>
						<HYP HPOS="2047" VPOS="2548" WIDTH="22" CONTENT="-"/>
					</TextLine>
					<TextLine ID="P16_TL00077" HPOS="1479" VPOS="2605" WIDTH="592" HEIGHT="50">
						<String ID="P16_ST00531" HPOS="1479" VPOS="2609" WIDTH="98" HEIGHT="36" CONTENT="lems" SUBS_TYPE="HypPart2" SUBS_CONTENT="problems" WC="0.99" CC="2000"/>
						<SP ID="P16_SP00455" HPOS="1576" VPOS="2646" WIDTH="16"/>
						<String ID="P16_ST00532" HPOS="1592" VPOS="2608" WIDTH="96" HEIGHT="36" CONTENT="with" WC="0.99" CC="0150"/>
						<SP ID="P16_SP00456" HPOS="1688" VPOS="2646" WIDTH="16"/>
						<String ID="P16_ST00533" HPOS="1704" VPOS="2608" WIDTH="220" HEIGHT="47" CONTENT="sustaining" WC="0.99" CC="3002127360"/>
						<SP ID="P16_SP00457" HPOS="1924" VPOS="2655" WIDTH="14"/>
						<String ID="P16_ST00534" HPOS="1939" VPOS="2605" WIDTH="113" HEIGHT="36" CONTENT="fisher" SUBS_TYPE="HypPart1" SUBS_CONTENT="fisheries." WC="0.99" CC="300002"/>
						<HYP HPOS="2052" VPOS="2605" WIDTH="19" CONTENT="-"/>
					</TextLine>
					<TextLine ID="P16_TL00078" HPOS="1479" VPOS="2663" WIDTH="594" HEIGHT="47">
						<String ID="P16_ST00535" HPOS="1479" VPOS="2668" WIDTH="65" HEIGHT="35" CONTENT="ies." SUBS_TYPE="HypPart2" SUBS_CONTENT="fisheries." WC="0.99" CC="0210"/>
						<SP ID="P16_SP00458" HPOS="1543" VPOS="2702" WIDTH="28"/>
						<String ID="P16_ST00536" HPOS="1572" VPOS="2665" WIDTH="129" HEIGHT="36" CONTENT="We've" WC="0.99" CC="40400"/>
						<SP ID="P16_SP00459" HPOS="1701" VPOS="2702" WIDTH="16"/>
						<String ID="P16_ST00537" HPOS="1717" VPOS="2676" WIDTH="93" HEIGHT="24" CONTENT="seen" WC="0.98" CC="0007"/>
						<SP ID="P16_SP00460" HPOS="1809" VPOS="2702" WIDTH="14"/>
						<String ID="P16_ST00538" HPOS="1824" VPOS="2665" WIDTH="65" HEIGHT="35" CONTENT="the" WC="1.00" CC="000"/>
						<SP ID="P16_SP00461" HPOS="1888" VPOS="2702" WIDTH="14"/>
						<String ID="P16_ST00539" HPOS="1902" VPOS="2663" WIDTH="170" HEIGHT="47" CONTENT="collapse" WC="1.00" CC="00500000"/>
					</TextLine>
					<TextLine ID="P16_TL00079" HPOS="1479" VPOS="2720" WIDTH="592" HEIGHT="52">
						<String ID="P16_ST00540" HPOS="1479" VPOS="2723" WIDTH="43" HEIGHT="38" CONTENT="of" WC="0.61" CC="25"/>
						<SP ID="P16_SP00462" HPOS="1521" VPOS="2761" WIDTH="13"/>
						<String ID="P16_ST00541" HPOS="1534" VPOS="2724" WIDTH="123" HEIGHT="47" CONTENT="major" WC="1.00" CC="00002"/>
						<SP ID="P16_SP00463" HPOS="1657" VPOS="2772" WIDTH="11"/>
						<String ID="P16_ST00542" HPOS="1668" VPOS="2723" WIDTH="203" HEIGHT="35" CONTENT="economic" WC="1.00" CC="02000042"/>
						<SP ID="P16_SP00464" HPOS="1871" VPOS="2772" WIDTH="16"/>
						<String ID="P16_ST00543" HPOS="1887" VPOS="2720" WIDTH="184" HEIGHT="36" CONTENT="fisheries." WC="1.00" CC="0300004000"/>
					</TextLine>
					<TextLine ID="P16_TL00080" HPOS="1537" VPOS="2776" WIDTH="537" HEIGHT="40">
						<String ID="P16_ST00544" HPOS="1537" VPOS="2780" WIDTH="117" HEIGHT="36" CONTENT="Over" WC="1.00" CC="0000"/>
						<SP ID="P16_SP00465" HPOS="1654" VPOS="2816" WIDTH="30"/>
						<String ID="P16_ST00545" HPOS="1683" VPOS="2778" WIDTH="91" HEIGHT="36" CONTENT="that" WC="0.99" CC="4000"/>
						<SP ID="P16_SP00466" HPOS="1775" VPOS="2816" WIDTH="31"/>
						<String ID="P16_ST00546" HPOS="1806" VPOS="2778" WIDTH="102" HEIGHT="35" CONTENT="time" WC="0.99" CC="0500"/>
						<SP ID="P16_SP00467" HPOS="1909" VPOS="2816" WIDTH="33"/>
						<String ID="P16_ST00547" HPOS="1942" VPOS="2776" WIDTH="132" HEIGHT="36" CONTENT="frame" WC="0.99" CC="43000"/>
					</TextLine>
					<TextLine ID="P16_TL00081" HPOS="1480" VPOS="2833" WIDTH="594" HEIGHT="40">
						<String ID="P16_ST00548" HPOS="1480" VPOS="2838" WIDTH="126" HEIGHT="35" CONTENT="we've" WC="1.00" CC="00000"/>
						<SP ID="P16_SP00468" HPOS="1606" VPOS="2872" WIDTH="22"/>
						<String ID="P16_ST00549" HPOS="1628" VPOS="2836" WIDTH="83" HEIGHT="35" CONTENT="also" WC="0.98" CC="0430"/>
						<SP ID="P16_SP00469" HPOS="1712" VPOS="2872" WIDTH="22"/>
						<String ID="P16_ST00550" HPOS="1734" VPOS="2847" WIDTH="94" HEIGHT="24" CONTENT="seen" WC="1.00" CC="0000"/>
						<SP ID="P16_SP00470" HPOS="1828" VPOS="2872" WIDTH="20"/>
						<String ID="P16_ST00551" HPOS="1849" VPOS="2846" WIDTH="19" HEIGHT="24" CONTENT="a" WC="1.00" CC="0"/>
						<SP ID="P16_SP00471" HPOS="1868" VPOS="2872" WIDTH="24"/>
						<String ID="P16_ST00552" HPOS="1891" VPOS="2833" WIDTH="183" HEIGHT="36" CONTENT="different" WC="1.00" CC="010000004"/>
					</TextLine>
					<TextLine ID="P16_TL00082" HPOS="1482" VPOS="2891" WIDTH="592" HEIGHT="51">
						<String ID="P16_ST00553" HPOS="1482" VPOS="2898" WIDTH="184" HEIGHT="44" CONTENT="category" WC="1.00" CC="03400000"/>
						<SP ID="P16_SP00472" HPOS="1666" VPOS="2942" WIDTH="24"/>
						<String ID="P16_ST00554" HPOS="1690" VPOS="2891" WIDTH="43" HEIGHT="35" CONTENT="of" WC="0.71" CC="05"/>
						<SP ID="P16_SP00473" HPOS="1732" VPOS="2942" WIDTH="19"/>
						<String ID="P16_ST00555" HPOS="1751" VPOS="2891" WIDTH="154" HEIGHT="35" CONTENT="human" WC="0.99" CC="05020"/>
						<SP ID="P16_SP00474" HPOS="1906" VPOS="2942" WIDTH="20"/>
						<String ID="P16_ST00556" HPOS="1926" VPOS="2891" WIDTH="148" HEIGHT="46" CONTENT="inputs." WC="0.98" CC="2683300"/>
					</TextLine>
					<TextLine ID="P16_TL00083" HPOS="1482" VPOS="2945" WIDTH="594" HEIGHT="41">
						<String ID="P16_ST00557" HPOS="1482" VPOS="2951" WIDTH="140" HEIGHT="35" CONTENT="We've" WC="1.00" CC="00001"/>
						<SP ID="P16_SP00475" HPOS="1622" VPOS="2986" WIDTH="142"/>
						<String ID="P16_ST00558" HPOS="1764" VPOS="2959" WIDTH="101" HEIGHT="25" CONTENT="seen" WC="0.98" CC="1006"/>
						<SP ID="P16_SP00476" HPOS="1865" VPOS="2986" WIDTH="142"/>
						<String ID="P16_ST00559" HPOS="2006" VPOS="2945" WIDTH="69" HEIGHT="36" CONTENT="the" WC="0.98" CC="500"/>
					</TextLine>
					<TextLine ID="P16_TL00084" HPOS="1482" VPOS="3005" WIDTH="594" HEIGHT="46">
						<String ID="P16_ST00560" HPOS="1482" VPOS="3005" WIDTH="364" HEIGHT="38" CONTENT="suburbanization" WC="1.00" CC="020100003052001"/>
						<SP ID="P16_SP00477" HPOS="1846" VPOS="3043" WIDTH="22"/>
						<String ID="P16_ST00561" HPOS="1868" VPOS="3013" WIDTH="183" HEIGHT="38" CONTENT="accompa" SUBS_TYPE="HypPart1" SUBS_CONTENT="accompanied" WC="1.00" CC="2030000"/>
						<HYP HPOS="2050" VPOS="3013" WIDTH="25" CONTENT="-"/>
					</TextLine>
					<TextLine ID="P16_TL00085" HPOS="1482" VPOS="3058" WIDTH="595" HEIGHT="54">
						<String ID="P16_ST00562" HPOS="1482" VPOS="3065" WIDTH="96" HEIGHT="35" CONTENT="nied" SUBS_TYPE="HypPart2" SUBS_CONTENT="accompanied" WC="0.98" CC="6000"/>
						<SP ID="P16_SP00478" HPOS="1578" VPOS="3099" WIDTH="22"/>
						<String ID="P16_ST00563" HPOS="1600" VPOS="3063" WIDTH="54" HEIGHT="49" CONTENT="by" WC="0.68" CC="06"/>
						<SP ID="P16_SP00479" HPOS="1654" VPOS="3112" WIDTH="22"/>
						<String ID="P16_ST00564" HPOS="1676" VPOS="3063" WIDTH="68" HEIGHT="35" CONTENT="the" WC="0.98" CC="040"/>
						<SP ID="P16_SP00480" HPOS="1743" VPOS="3112" WIDTH="22"/>
						<String ID="P16_ST00565" HPOS="1765" VPOS="3061" WIDTH="247" HEIGHT="36" CONTENT="destruction" WC="1.00" CC="00010044115"/>
						<SP ID="P16_SP00481" HPOS="2013" VPOS="3112" WIDTH="24"/>
						<String ID="P16_ST00566" HPOS="2036" VPOS="3058" WIDTH="41" HEIGHT="36" CONTENT="of" WC="0.73" CC="05"/>
					</TextLine>
					<TextLine ID="P16_TL00086" HPOS="1483" VPOS="3115" WIDTH="594" HEIGHT="51">
						<String ID="P16_ST00567" HPOS="1483" VPOS="3132" WIDTH="88" HEIGHT="24" CONTENT="new" WC="1.00" CC="000"/>
						<SP ID="P16_SP00482" HPOS="1572" VPOS="3156" WIDTH="16"/>
						<String ID="P16_ST00568" HPOS="1587" VPOS="3118" WIDTH="106" HEIGHT="43" CONTENT="land," WC="0.99" CC="41003"/>
						<SP ID="P16_SP00483" HPOS="1693" VPOS="3161" WIDTH="16"/>
						<String ID="P16_ST00569" HPOS="1709" VPOS="3120" WIDTH="169" HEIGHT="46" CONTENT="creating" WC="1.00" CC="00040050"/>
						<SP ID="P16_SP00484" HPOS="1877" VPOS="3165" WIDTH="14"/>
						<String ID="P16_ST00570" HPOS="1891" VPOS="3128" WIDTH="88" HEIGHT="25" CONTENT="new" WC="0.99" CC="300"/>
						<SP ID="P16_SP00485" HPOS="1980" VPOS="3165" WIDTH="16"/>
						<String ID="P16_ST00571" HPOS="1995" VPOS="3115" WIDTH="61" HEIGHT="49" CONTENT="pol" SUBS_TYPE="HypPart1" SUBS_CONTENT="pollution" WC="0.99" CC="015"/>
						<HYP HPOS="2057" VPOS="3115" WIDTH="20" CONTENT="-"/>
					</TextLine>
					<TextLine ID="P16_TL00087" HPOS="1485" VPOS="3172" WIDTH="592" HEIGHT="50">
						<String ID="P16_ST00572" HPOS="1485" VPOS="3178" WIDTH="124" HEIGHT="35" CONTENT="lution" SUBS_TYPE="HypPart2" SUBS_CONTENT="pollution" WC="1.00" CC="005000"/>
						<SP ID="P16_SP00486" HPOS="1609" VPOS="3213" WIDTH="13"/>
						<String ID="P16_ST00573" HPOS="1622" VPOS="3187" WIDTH="165" HEIGHT="24" CONTENT="sources." WC="1.00" CC="00020010"/>
						<SP ID="P16_SP00487" HPOS="1787" VPOS="3213" WIDTH="13"/>
						<String ID="P16_ST00574" HPOS="1800" VPOS="3175" WIDTH="79" HEIGHT="35" CONTENT="The" WC="0.99" CC="300"/>
						<SP ID="P16_SP00488" HPOS="1879" VPOS="3213" WIDTH="13"/>
						<String ID="P16_ST00575" HPOS="1891" VPOS="3172" WIDTH="186" HEIGHT="50" CONTENT="degrada-" WC="0.76" CC="00835010"/>
					</TextLine>
				</TextBlock>
				<TextBlock ID="P16_TB00012" HPOS="1154" VPOS="3227" WIDTH="931" HEIGHT="721" language="en" STYLEREFS="TXT_5 PAR_LEFT">
					<TextLine ID="P16_TL00088" HPOS="1485" VPOS="3228" WIDTH="594" HEIGHT="42">
						<String ID="P16_ST00576" HPOS="1485" VPOS="3235" WIDTH="83" HEIGHT="35" CONTENT="tion" WC="0.82" CC="0006"/>
						<SP ID="P16_SP00489" HPOS="1569" VPOS="3269" WIDTH="22"/>
						<String ID="P16_ST00577" HPOS="1591" VPOS="3231" WIDTH="43" HEIGHT="36" CONTENT="of" WC="0.97" CC="00"/>
						<SP ID="P16_SP00490" HPOS="1633" VPOS="3269" WIDTH="20"/>
						<String ID="P16_ST00578" HPOS="1654" VPOS="3231" WIDTH="110" HEIGHT="35" CONTENT="these" WC="1.00" CC="00000"/>
						<SP ID="P16_SP00491" HPOS="1764" VPOS="3269" WIDTH="22"/>
						<String ID="P16_ST00579" HPOS="1786" VPOS="3239" WIDTH="202" HEIGHT="27" CONTENT="resources" WC="1.00" CC="201000100"/>
						<SP ID="P16_SP00492" HPOS="1987" VPOS="3269" WIDTH="22"/>
						<String ID="P16_ST00580" HPOS="2009" VPOS="3228" WIDTH="69" HEIGHT="36" CONTENT="did" WC="1.00" CC="000"/>
					</TextLine>
					<TextLine ID="P16_TL00089" HPOS="1154" VPOS="3290" WIDTH="926" HEIGHT="50">
						<String ID="P16_ST00581" HPOS="1154" VPOS="3298" WIDTH="69" HEIGHT="31" CONTENT="not" WC="0.97" CC="610"/>
						<SP ID="P16_SP00493" HPOS="1224" VPOS="3329" WIDTH="16"/>
						<String ID="P16_ST00582" HPOS="1239" VPOS="3302" WIDTH="118" HEIGHT="25" CONTENT="occur" WC="1.00" CC="00030"/>
						<SP ID="P16_SP00494" HPOS="1357" VPOS="3329" WIDTH="17"/>
						<String ID="P16_ST00583" HPOS="1375" VPOS="3291" WIDTH="181" HEIGHT="49" CONTENT="pre-1970" WC="0.79" CC="00043224"/>
						<SP ID="P16_SP00495" HPOS="1556" VPOS="3340" WIDTH="16"/>
						<String ID="P16_ST00584" HPOS="1572" VPOS="3290" WIDTH="169" HEIGHT="36" CONTENT="because" WC="1.00" CC="0000000"/>
						<SP ID="P16_SP00496" HPOS="1740" VPOS="3340" WIDTH="19"/>
						<String ID="P16_ST00585" HPOS="1759" VPOS="3290" WIDTH="27" HEIGHT="33" CONTENT="it" WC="0.72" CC="23"/>
						<SP ID="P16_SP00497" HPOS="1786" VPOS="3340" WIDTH="17"/>
						<String ID="P16_ST00586" HPOS="1803" VPOS="3299" WIDTH="82" HEIGHT="24" CONTENT="was" WC="1.00" CC="000"/>
						<SP ID="P16_SP00498" HPOS="1885" VPOS="3340" WIDTH="19"/>
						<String ID="P16_ST00587" HPOS="1904" VPOS="3299" WIDTH="20" HEIGHT="22" CONTENT="a" WC="1.00" CC="0"/>
						<SP ID="P16_SP00499" HPOS="1924" VPOS="3340" WIDTH="19"/>
						<String ID="P16_ST00588" HPOS="1943" VPOS="3291" WIDTH="137" HEIGHT="30" CONTENT="matter" WC="1.00" CC="005000"/>
					</TextLine>
					<TextLine ID="P16_TL00090" HPOS="1156" VPOS="3348" WIDTH="347" HEIGHT="47">
						<String ID="P16_ST00589" HPOS="1156" VPOS="3350" WIDTH="43" HEIGHT="36" CONTENT="of" WC="0.96" CC="00"/>
						<SP ID="P16_SP00500" HPOS="1198" VPOS="3386" WIDTH="14"/>
						<String ID="P16_ST00590" HPOS="1213" VPOS="3348" WIDTH="290" HEIGHT="47" CONTENT="development." WC="1.00" CC="000050060020"/>
					</TextLine>
					<TextLine ID="P16_TL00091" HPOS="1216" VPOS="3397" WIDTH="866" HEIGHT="57">
						<String ID="P16_ST00591" HPOS="1216" VPOS="3406" WIDTH="41" HEIGHT="35" CONTENT="In" WC="0.78" CC="04"/>
						<SP ID="P16_SP00501" HPOS="1257" VPOS="3441" WIDTH="17"/>
						<String ID="P16_ST00592" HPOS="1274" VPOS="3416" WIDTH="68" HEIGHT="38" CONTENT="my" WC="0.67" CC="06"/>
						<SP ID="P16_SP00502" HPOS="1342" VPOS="3454" WIDTH="16"/>
						<String ID="P16_ST00593" HPOS="1357" VPOS="3405" WIDTH="142" HEIGHT="35" CONTENT="classes" WC="0.99" CC="1630100"/>
						<SP ID="P16_SP00503" HPOS="1499" VPOS="3454" WIDTH="17"/>
						<String ID="P16_ST00594" HPOS="1517" VPOS="3405" WIDTH="27" HEIGHT="33" CONTENT="it" WC="0.80" CC="30"/>
						<SP ID="P16_SP00504" HPOS="1543" VPOS="3454" WIDTH="17"/>
						<String ID="P16_ST00595" HPOS="1561" VPOS="3405" WIDTH="31" HEIGHT="33" CONTENT="is" WC="0.65" CC="42"/>
						<SP ID="P16_SP00505" HPOS="1592" VPOS="3454" WIDTH="16"/>
						<String ID="P16_ST00596" HPOS="1608" VPOS="3402" WIDTH="154" HEIGHT="36" CONTENT="central." WC="0.99" CC="40060040"/>
						<SP ID="P16_SP00506" HPOS="1762" VPOS="3454" WIDTH="16"/>
						<String ID="P16_ST00597" HPOS="1778" VPOS="3400" WIDTH="112" HEIGHT="36" CONTENT="After" WC="0.99" CC="04000"/>
						<SP ID="P16_SP00507" HPOS="1890" VPOS="3454" WIDTH="16"/>
						<String ID="P16_ST00598" HPOS="1906" VPOS="3400" WIDTH="11" HEIGHT="35" CONTENT="I" WC="1.00" CC="0"/>
						<SP ID="P16_SP00508" HPOS="1917" VPOS="3454" WIDTH="19"/>
						<String ID="P16_ST00599" HPOS="1935" VPOS="3398" WIDTH="66" HEIGHT="36" CONTENT="left" WC="0.98" CC="0141"/>
						<SP ID="P16_SP00509" HPOS="2002" VPOS="3454" WIDTH="16"/>
						<String ID="P16_ST00600" HPOS="2017" VPOS="3397" WIDTH="65" HEIGHT="36" CONTENT="the" WC="0.98" CC="050"/>
					</TextLine>
					<TextLine ID="P16_TL00092" HPOS="1159" VPOS="3454" WIDTH="923" HEIGHT="55">
						<String ID="P16_ST00601" HPOS="1159" VPOS="3465" WIDTH="124" HEIGHT="33" CONTENT="active" WC="0.99" CC="302600"/>
						<SP ID="P16_SP00510" HPOS="1283" VPOS="3498" WIDTH="22"/>
						<String ID="P16_ST00602" HPOS="1306" VPOS="3472" WIDTH="159" HEIGHT="36" CONTENT="process" WC="0.99" CC="6100030"/>
						<SP ID="P16_SP00511" HPOS="1465" VPOS="3509" WIDTH="20"/>
						<String ID="P16_ST00603" HPOS="1485" VPOS="3458" WIDTH="41" HEIGHT="36" CONTENT="of" WC="0.85" CC="01"/>
						<SP ID="P16_SP00512" HPOS="1526" VPOS="3509" WIDTH="22"/>
						<String ID="P16_ST00604" HPOS="1548" VPOS="3458" WIDTH="74" HEIGHT="36" CONTENT="law" WC="1.00" CC="000"/>
						<SP ID="P16_SP00513" HPOS="1622" VPOS="3509" WIDTH="25"/>
						<String ID="P16_ST00605" HPOS="1647" VPOS="3463" WIDTH="35" HEIGHT="30" CONTENT="at" WC="0.73" CC="50"/>
						<SP ID="P16_SP00514" HPOS="1682" VPOS="3509" WIDTH="22"/>
						<String ID="P16_ST00606" HPOS="1704" VPOS="3457" WIDTH="65" HEIGHT="36" CONTENT="the" WC="0.99" CC="300"/>
						<SP ID="P16_SP00515" HPOS="1769" VPOS="3509" WIDTH="24"/>
						<String ID="P16_ST00607" HPOS="1792" VPOS="3457" WIDTH="137" HEIGHT="35" CONTENT="Rhode" WC="1.00" CC="00000"/>
						<SP ID="P16_SP00516" HPOS="1929" VPOS="3509" WIDTH="22"/>
						<String ID="P16_ST00608" HPOS="1951" VPOS="3454" WIDTH="131" HEIGHT="38" CONTENT="Island" WC="1.00" CC="032000"/>
					</TextLine>
					<TextLine ID="P16_TL00093" HPOS="1159" VPOS="3513" WIDTH="923" HEIGHT="54">
						<String ID="P16_ST00609" HPOS="1159" VPOS="3520" WIDTH="254" HEIGHT="47" CONTENT="Department" WC="1.00" CC="0000078002"/>
						<SP ID="P16_SP00517" HPOS="1413" VPOS="3567" WIDTH="9"/>
						<String ID="P16_ST00610" HPOS="1422" VPOS="3517" WIDTH="43" HEIGHT="36" CONTENT="of" WC="0.64" CC="24"/>
						<SP ID="P16_SP00518" HPOS="1465" VPOS="3567" WIDTH="9"/>
						<String ID="P16_ST00611" HPOS="1474" VPOS="3513" WIDTH="310" HEIGHT="39" CONTENT="Environmental" WC="1.00" CC="3500206005030"/>
						<SP ID="P16_SP00519" HPOS="1784" VPOS="3567" WIDTH="13"/>
						<String ID="P16_ST00612" HPOS="1797" VPOS="3513" WIDTH="285" HEIGHT="47" CONTENT="Management," WC="0.99" CC="00709000614"/>
					</TextLine>
					<TextLine ID="P16_TL00094" HPOS="1159" VPOS="3567" WIDTH="924" HEIGHT="44">
						<String ID="P16_ST00613" HPOS="1159" VPOS="3576" WIDTH="13" HEIGHT="35" CONTENT="I" WC="1.00" CC="0"/>
						<SP ID="P16_SP00520" HPOS="1172" VPOS="3611" WIDTH="28"/>
						<String ID="P16_ST00614" HPOS="1200" VPOS="3578" WIDTH="115" HEIGHT="31" CONTENT="went" WC="0.99" CC="0004"/>
						<SP ID="P16_SP00521" HPOS="1315" VPOS="3611" WIDTH="28"/>
						<String ID="P16_ST00615" HPOS="1343" VPOS="3578" WIDTH="43" HEIGHT="30" CONTENT="to" WC="0.71" CC="50"/>
						<SP ID="P16_SP00522" HPOS="1386" VPOS="3611" WIDTH="27"/>
						<String ID="P16_ST00616" HPOS="1413" VPOS="3572" WIDTH="118" HEIGHT="36" CONTENT="work" WC="1.00" CC="0000"/>
						<SP ID="P16_SP00523" HPOS="1531" VPOS="3611" WIDTH="30"/>
						<String ID="P16_ST00617" HPOS="1561" VPOS="3583" WIDTH="44" HEIGHT="24" CONTENT="as" WC="0.78" CC="21"/>
						<SP ID="P16_SP00524" HPOS="1605" VPOS="3611" WIDTH="27"/>
						<String ID="P16_ST00618" HPOS="1631" VPOS="3570" WIDTH="69" HEIGHT="35" CONTENT="the" WC="0.98" CC="600"/>
						<SP ID="P16_SP00525" HPOS="1701" VPOS="3611" WIDTH="28"/>
						<String ID="P16_ST00619" HPOS="1729" VPOS="3570" WIDTH="187" HEIGHT="35" CONTENT="director" WC="1.00" CC="03000000"/>
						<SP ID="P16_SP00526" HPOS="1917" VPOS="3611" WIDTH="27"/>
						<String ID="P16_ST00620" HPOS="1943" VPOS="3567" WIDTH="44" HEIGHT="36" CONTENT="of" WC="0.88" CC="02"/>
						<SP ID="P16_SP00527" HPOS="1987" VPOS="3611" WIDTH="27"/>
						<String ID="P16_ST00621" HPOS="2014" VPOS="3567" WIDTH="69" HEIGHT="36" CONTENT="the" WC="1.00" CC="000"/>
					</TextLine>
					<TextLine ID="P16_TL00095" HPOS="1161" VPOS="3624" WIDTH="923" HEIGHT="55">
						<String ID="P16_ST00622" HPOS="1161" VPOS="3631" WIDTH="279" HEIGHT="47" CONTENT="Narragansett" WC="0.93" CC="400000000020"/>
						<SP ID="P16_SP00528" HPOS="1439" VPOS="3679" WIDTH="13"/>
						<String ID="P16_ST00623" HPOS="1452" VPOS="3630" WIDTH="77" HEIGHT="47" CONTENT="Bay" WC="0.96" CC="521"/>
						<SP ID="P16_SP00529" HPOS="1529" VPOS="3679" WIDTH="13"/>
						<String ID="P16_ST00624" HPOS="1542" VPOS="3630" WIDTH="184" HEIGHT="46" CONTENT="Program" WC="0.98" CC="5039048"/>
						<SP ID="P16_SP00530" HPOS="1726" VPOS="3679" WIDTH="13"/>
						<String ID="P16_ST00625" HPOS="1739" VPOS="3631" WIDTH="39" HEIGHT="30" CONTENT="to" WC="0.91" CC="10"/>
						<SP ID="P16_SP00531" HPOS="1778" VPOS="3679" WIDTH="11"/>
						<String ID="P16_ST00626" HPOS="1789" VPOS="3630" WIDTH="124" HEIGHT="31" CONTENT="create" WC="1.00" CC="000000"/>
						<SP ID="P16_SP00532" HPOS="1913" VPOS="3679" WIDTH="13"/>
						<String ID="P16_ST00627" HPOS="1926" VPOS="3624" WIDTH="63" HEIGHT="36" CONTENT="the" WC="0.96" CC="540"/>
						<SP ID="P16_SP00533" HPOS="1989" VPOS="3679" WIDTH="11"/>
						<String ID="P16_ST00628" HPOS="2000" VPOS="3624" WIDTH="83" HEIGHT="36" CONTENT="best" WC="1.00" CC="0020"/>
					</TextLine>
					<TextLine ID="P16_TL00096" HPOS="1161" VPOS="3680" WIDTH="923" HEIGHT="51">
						<String ID="P16_ST00629" HPOS="1161" VPOS="3687" WIDTH="191" HEIGHT="36" CONTENT="available" WC="1.00" CC="200020000"/>
						<SP ID="P16_SP00534" HPOS="1351" VPOS="3723" WIDTH="19"/>
						<String ID="P16_ST00630" HPOS="1370" VPOS="3687" WIDTH="146" HEIGHT="35" CONTENT="service" WC="1.00" CC="0000340"/>
						<SP ID="P16_SP00535" HPOS="1517" VPOS="3723" WIDTH="22"/>
						<String ID="P16_ST00631" HPOS="1539" VPOS="3690" WIDTH="38" HEIGHT="30" CONTENT="to" WC="0.71" CC="50"/>
						<SP ID="P16_SP00536" HPOS="1576" VPOS="3723" WIDTH="20"/>
						<String ID="P16_ST00632" HPOS="1597" VPOS="3682" WIDTH="170" HEIGHT="49" CONTENT="develop" WC="1.00" CC="0000600"/>
						<SP ID="P16_SP00537" HPOS="1767" VPOS="3731" WIDTH="20"/>
						<String ID="P16_ST00633" HPOS="1787" VPOS="3694" WIDTH="20" HEIGHT="22" CONTENT="a" WC="1.00" CC="0"/>
						<SP ID="P16_SP00538" HPOS="1808" VPOS="3731" WIDTH="22"/>
						<String ID="P16_ST00634" HPOS="1830" VPOS="3682" WIDTH="93" HEIGHT="47" CONTENT="plan" WC="0.98" CC="3004"/>
						<SP ID="P16_SP00539" HPOS="1923" VPOS="3731" WIDTH="20"/>
						<String ID="P16_ST00635" HPOS="1943" VPOS="3680" WIDTH="58" HEIGHT="36" CONTENT="for" WC="1.00" CC="000"/>
						<SP ID="P16_SP00540" HPOS="2002" VPOS="3731" WIDTH="20"/>
						<String ID="P16_ST00636" HPOS="2022" VPOS="3680" WIDTH="61" HEIGHT="36" CONTENT="the" WC="0.98" CC="050"/>
					</TextLine>
					<TextLine ID="P16_TL00097" HPOS="1161" VPOS="3743" WIDTH="378" HEIGHT="48">
						<String ID="P16_ST00637" HPOS="1161" VPOS="3745" WIDTH="280" HEIGHT="46" CONTENT="Narragansett" WC="0.84" CC="230007020020"/>
						<SP ID="P16_SP00541" HPOS="1441" VPOS="3791" WIDTH="16"/>
						<String ID="P16_ST00638" HPOS="1457" VPOS="3743" WIDTH="82" HEIGHT="46" CONTENT="Bay." WC="0.99" CC="2100"/>
					</TextLine>
					<TextLine ID="P16_TL00098" HPOS="1222" VPOS="3795" WIDTH="863" HEIGHT="51">
						<String ID="P16_ST00639" HPOS="1222" VPOS="3800" WIDTH="9" HEIGHT="35" CONTENT="I" WC="0.38" CC="6"/>
						<SP ID="P16_SP00542" HPOS="1231" VPOS="3835" WIDTH="16"/>
						<String ID="P16_ST00640" HPOS="1247" VPOS="3811" WIDTH="110" HEIGHT="24" CONTENT="came" WC="0.99" CC="0300"/>
						<SP ID="P16_SP00543" HPOS="1357" VPOS="3835" WIDTH="13"/>
						<String ID="P16_ST00641" HPOS="1370" VPOS="3803" WIDTH="43" HEIGHT="30" CONTENT="to" WC="0.65" CC="60"/>
						<SP ID="P16_SP00544" HPOS="1413" VPOS="3835" WIDTH="13"/>
						<String ID="P16_ST00642" HPOS="1425" VPOS="3797" WIDTH="180" HEIGHT="49" CONTENT="teaching" WC="0.99" CC="60000214"/>
						<SP ID="P16_SP00545" HPOS="1605" VPOS="3846" WIDTH="13"/>
						<String ID="P16_ST00643" HPOS="1617" VPOS="3806" WIDTH="41" HEIGHT="24" CONTENT="as" WC="1.00" CC="00"/>
						<SP ID="P16_SP00546" HPOS="1658" VPOS="3846" WIDTH="16"/>
						<String ID="P16_ST00644" HPOS="1674" VPOS="3806" WIDTH="19" HEIGHT="24" CONTENT="a" WC="1.00" CC="0"/>
						<SP ID="P16_SP00547" HPOS="1693" VPOS="3846" WIDTH="16"/>
						<String ID="P16_ST00645" HPOS="1709" VPOS="3795" WIDTH="249" HEIGHT="49" CONTENT="practitioner" WC="1.00" CC="002060370002"/>
						<SP ID="P16_SP00548" HPOS="1957" VPOS="3846" WIDTH="13"/>
						<String ID="P16_ST00646" HPOS="1970" VPOS="3795" WIDTH="115" HEIGHT="44" CONTENT="using" WC="0.98" CC="00109"/>
					</TextLine>
					<TextLine ID="P16_TL00099" HPOS="1162" VPOS="3849" WIDTH="923" HEIGHT="55">
						<String ID="P16_ST00647" HPOS="1162" VPOS="3868" WIDTH="20" HEIGHT="24" CONTENT="a" WC="0.76" CC="2"/>
						<SP ID="P16_SP00549" HPOS="1183" VPOS="3891" WIDTH="19"/>
						<String ID="P16_ST00648" HPOS="1202" VPOS="3857" WIDTH="150" HEIGHT="47" CONTENT="variety" WC="0.99" CC="0103067"/>
						<SP ID="P16_SP00550" HPOS="1351" VPOS="3904" WIDTH="17"/>
						<String ID="P16_ST00649" HPOS="1369" VPOS="3855" WIDTH="44" HEIGHT="36" CONTENT="of" WC="1.00" CC="00"/>
						<SP ID="P16_SP00551" HPOS="1413" VPOS="3904" WIDTH="16"/>
						<String ID="P16_ST00650" HPOS="1428" VPOS="3865" WIDTH="167" HEIGHT="27" CONTENT="sources." WC="1.00" CC="20023000"/>
						<SP ID="P16_SP00552" HPOS="1595" VPOS="3904" WIDTH="22"/>
						<String ID="P16_ST00651" HPOS="1617" VPOS="3854" WIDTH="11" HEIGHT="35" CONTENT="I" WC="0.68" CC="3"/>
						<SP ID="P16_SP00553" HPOS="1628" VPOS="3904" WIDTH="19"/>
						<String ID="P16_ST00652" HPOS="1647" VPOS="3852" WIDTH="77" HEIGHT="35" CONTENT="like" WC="0.99" CC="3000"/>
						<SP ID="P16_SP00554" HPOS="1724" VPOS="3904" WIDTH="19"/>
						<String ID="P16_ST00653" HPOS="1743" VPOS="3857" WIDTH="38" HEIGHT="30" CONTENT="to" WC="0.64" CC="51"/>
						<SP ID="P16_SP00555" HPOS="1781" VPOS="3904" WIDTH="20"/>
						<String ID="P16_ST00654" HPOS="1802" VPOS="3863" WIDTH="69" HEIGHT="24" CONTENT="use" WC="1.00" CC="000"/>
						<SP ID="P16_SP00556" HPOS="1871" VPOS="3904" WIDTH="19"/>
						<String ID="P16_ST00655" HPOS="1890" VPOS="3849" WIDTH="195" HEIGHT="49" CONTENT="examples" WC="1.00" CC="02000000"/>
					</TextLine>
					<TextLine ID="P16_TL00100" HPOS="1162" VPOS="3904" WIDTH="923" HEIGHT="44">
						<String ID="P16_ST00656" HPOS="1162" VPOS="3912" WIDTH="102" HEIGHT="36" CONTENT="from" WC="1.00" CC="0000"/>
						<SP ID="P16_SP00557" HPOS="1265" VPOS="3948" WIDTH="17"/>
						<String ID="P16_ST00657" HPOS="1282" VPOS="3923" WIDTH="109" HEIGHT="24" CONTENT="cases" WC="1.00" CC="20001"/>
						<SP ID="P16_SP00558" HPOS="1391" VPOS="3948" WIDTH="19"/>
						<String ID="P16_ST00658" HPOS="1409" VPOS="3910" WIDTH="77" HEIGHT="35" CONTENT="I've" WC="0.98" CC="3400"/>
						<SP ID="P16_SP00559" HPOS="1487" VPOS="3948" WIDTH="17"/>
						<String ID="P16_ST00659" HPOS="1504" VPOS="3909" WIDTH="162" HEIGHT="35" CONTENT="worked" WC="1.00" CC="001000"/>
						<SP ID="P16_SP00560" HPOS="1666" VPOS="3948" WIDTH="20"/>
						<String ID="P16_ST00660" HPOS="1687" VPOS="3909" WIDTH="107" HEIGHT="35" CONTENT="with." WC="0.99" CC="03300"/>
						<SP ID="P16_SP00561" HPOS="1794" VPOS="3948" WIDTH="20"/>
						<String ID="P16_ST00661" HPOS="1814" VPOS="3909" WIDTH="11" HEIGHT="33" CONTENT="I" WC="0.80" CC="1"/>
						<SP ID="P16_SP00562" HPOS="1825" VPOS="3948" WIDTH="22"/>
						<String ID="P16_ST00662" HPOS="1847" VPOS="3907" WIDTH="115" HEIGHT="35" CONTENT="know" WC="0.99" CC="0600"/>
						<SP ID="P16_SP00563" HPOS="1962" VPOS="3948" WIDTH="20"/>
						<String ID="P16_ST00663" HPOS="1983" VPOS="3904" WIDTH="102" HEIGHT="36" CONTENT="what" WC="1.00" CC="0000"/>
					</TextLine>
				</TextBlock>
				<TextBlock ID="P16_TB00013" HPOS="2126" VPOS="1403" WIDTH="948" HEIGHT="1975" language="en" STYLEREFS="TXT_5 PAR_LEFT">
					<TextLine ID="P16_TL00101" HPOS="2128" VPOS="1405" WIDTH="931" HEIGHT="43">
						<String ID="P16_ST00664" HPOS="2128" VPOS="1411" WIDTH="194" HEIGHT="36" CONTENT="scientists" WC="1.00" CC="0400050050"/>
						<SP ID="P16_SP00564" HPOS="2321" VPOS="1447" WIDTH="13"/>
						<String ID="P16_ST00665" HPOS="2334" VPOS="1408" WIDTH="137" HEIGHT="36" CONTENT="would" WC="1.00" CC="00030"/>
						<SP ID="P16_SP00565" HPOS="2471" VPOS="1447" WIDTH="11"/>
						<String ID="P16_ST00666" HPOS="2482" VPOS="1408" WIDTH="104" HEIGHT="36" CONTENT="have" WC="1.00" CC="0000"/>
						<SP ID="P16_SP00566" HPOS="2586" VPOS="1447" WIDTH="11"/>
						<String ID="P16_ST00667" HPOS="2597" VPOS="1408" WIDTH="85" HEIGHT="36" CONTENT="said" WC="0.99" CC="0030"/>
						<SP ID="P16_SP00567" HPOS="2682" VPOS="1447" WIDTH="14"/>
						<String ID="P16_ST00668" HPOS="2696" VPOS="1405" WIDTH="249" HEIGHT="43" CONTENT="themselves," WC="1.00" CC="41000000003"/>
						<SP ID="P16_SP00568" HPOS="2945" VPOS="1447" WIDTH="13"/>
						<String ID="P16_ST00669" HPOS="2957" VPOS="1405" WIDTH="101" HEIGHT="36" CONTENT="tools" WC="0.99" CC="02112"/>
					</TextLine>
					<TextLine ID="P16_TL00102" HPOS="2129" VPOS="1463" WIDTH="931" HEIGHT="39">
						<String ID="P16_ST00670" HPOS="2129" VPOS="1466" WIDTH="313" HEIGHT="36" CONTENT="administrators" WC="1.00" CC="40047302104000"/>
						<SP ID="P16_SP00569" HPOS="2443" VPOS="1502" WIDTH="16"/>
						<String ID="P16_ST00671" HPOS="2458" VPOS="1465" WIDTH="102" HEIGHT="36" CONTENT="have" WC="1.00" CC="0000"/>
						<SP ID="P16_SP00570" HPOS="2561" VPOS="1502" WIDTH="17"/>
						<String ID="P16_ST00672" HPOS="2578" VPOS="1465" WIDTH="79" HEIGHT="36" CONTENT="and" WC="0.99" CC="200"/>
						<SP ID="P16_SP00571" HPOS="2657" VPOS="1502" WIDTH="17"/>
						<String ID="P16_ST00673" HPOS="2674" VPOS="1465" WIDTH="94" HEIGHT="36" CONTENT="how" WC="0.99" CC="010"/>
						<SP ID="P16_SP00572" HPOS="2769" VPOS="1502" WIDTH="17"/>
						<String ID="P16_ST00674" HPOS="2786" VPOS="1463" WIDTH="274" HEIGHT="36" CONTENT="informations" WC="1.00" CC="060450000200"/>
					</TextLine>
					<TextLine ID="P16_TL00103" HPOS="2129" VPOS="1518" WIDTH="931" HEIGHT="55">
						<String ID="P16_ST00675" HPOS="2129" VPOS="1524" WIDTH="132" HEIGHT="49" CONTENT="policy" WC="1.00" CC="000030"/>
						<SP ID="P16_SP00573" HPOS="2261" VPOS="1573" WIDTH="20"/>
						<String ID="P16_ST00676" HPOS="2282" VPOS="1535" WIDTH="94" HEIGHT="24" CONTENT="was." WC="1.00" CC="0000"/>
						<SP ID="P16_SP00574" HPOS="2376" VPOS="1573" WIDTH="25"/>
						<String ID="P16_ST00677" HPOS="2402" VPOS="1524" WIDTH="11" HEIGHT="35" CONTENT="I" WC="0.63" CC="3"/>
						<SP ID="P16_SP00575" HPOS="2413" VPOS="1573" WIDTH="22"/>
						<String ID="P16_ST00678" HPOS="2435" VPOS="1528" WIDTH="109" HEIGHT="31" CONTENT="want" WC="0.97" CC="0076"/>
						<SP ID="P16_SP00576" HPOS="2543" VPOS="1573" WIDTH="20"/>
						<String ID="P16_ST00679" HPOS="2564" VPOS="1526" WIDTH="41" HEIGHT="33" CONTENT="to" WC="0.79" CC="40"/>
						<SP ID="P16_SP00577" HPOS="2605" VPOS="1573" WIDTH="22"/>
						<String ID="P16_ST00680" HPOS="2627" VPOS="1521" WIDTH="113" HEIGHT="38" CONTENT="show" WC="1.00" CC="0000"/>
						<SP ID="P16_SP00578" HPOS="2740" VPOS="1573" WIDTH="22"/>
						<String ID="P16_ST00681" HPOS="2762" VPOS="1520" WIDTH="184" HEIGHT="38" CONTENT="students" WC="1.00" CC="01000000"/>
						<SP ID="P16_SP00579" HPOS="2946" VPOS="1573" WIDTH="22"/>
						<String ID="P16_ST00682" HPOS="2969" VPOS="1518" WIDTH="91" HEIGHT="38" CONTENT="how" WC="1.00" CC="000"/>
					</TextLine>
					<TextLine ID="P16_TL00104" HPOS="2129" VPOS="1576" WIDTH="931" HEIGHT="54">
						<String ID="P16_ST00683" HPOS="2129" VPOS="1581" WIDTH="137" HEIGHT="49" CONTENT="plastic" WC="1.00" CC="3000000"/>
						<SP ID="P16_SP00580" HPOS="2266" VPOS="1630" WIDTH="13"/>
						<String ID="P16_ST00684" HPOS="2279" VPOS="1592" WIDTH="72" HEIGHT="25" CONTENT="our" WC="0.99" CC="100"/>
						<SP ID="P16_SP00581" HPOS="2351" VPOS="1630" WIDTH="13"/>
						<String ID="P16_ST00685" HPOS="2364" VPOS="1581" WIDTH="241" HEIGHT="35" CONTENT="institutions" WC="0.99" CC="070047200170"/>
						<SP ID="P16_SP00582" HPOS="2605" VPOS="1630" WIDTH="13"/>
						<String ID="P16_ST00686" HPOS="2617" VPOS="1578" WIDTH="120" HEIGHT="50" CONTENT="really" WC="1.00" CC="100020"/>
						<SP ID="P16_SP00583" HPOS="2737" VPOS="1630" WIDTH="13"/>
						<String ID="P16_ST00687" HPOS="2750" VPOS="1589" WIDTH="72" HEIGHT="25" CONTENT="are." WC="1.00" CC="0000"/>
						<SP ID="P16_SP00584" HPOS="2822" VPOS="1630" WIDTH="24"/>
						<String ID="P16_ST00688" HPOS="2846" VPOS="1576" WIDTH="123" HEIGHT="36" CONTENT="Social" WC="0.99" CC="000006"/>
						<SP ID="P16_SP00585" HPOS="2969" VPOS="1630" WIDTH="13"/>
						<String ID="P16_ST00689" HPOS="2981" VPOS="1576" WIDTH="79" HEIGHT="36" CONTENT="and" WC="1.00" CC="000"/>
					</TextLine>
					<TextLine ID="P16_TL00105" HPOS="2129" VPOS="1631" WIDTH="933" HEIGHT="56">
						<String ID="P16_ST00690" HPOS="2129" VPOS="1639" WIDTH="205" HEIGHT="35" CONTENT="economic" WC="1.00" CC="00000000"/>
						<SP ID="P16_SP00586" HPOS="2334" VPOS="1674" WIDTH="17"/>
						<String ID="P16_ST00691" HPOS="2351" VPOS="1647" WIDTH="200" HEIGHT="39" CONTENT="pressures" WC="1.00" CC="040000000"/>
						<SP ID="P16_SP00587" HPOS="2551" VPOS="1687" WIDTH="20"/>
						<String ID="P16_ST00692" HPOS="2572" VPOS="1636" WIDTH="82" HEIGHT="36" CONTENT="that" WC="1.00" CC="2000"/>
						<SP ID="P16_SP00588" HPOS="2654" VPOS="1687" WIDTH="19"/>
						<String ID="P16_ST00693" HPOS="2672" VPOS="1635" WIDTH="143" HEIGHT="38" CONTENT="dictate" WC="1.00" CC="0000410"/>
						<SP ID="P16_SP00589" HPOS="2816" VPOS="1687" WIDTH="17"/>
						<String ID="P16_ST00694" HPOS="2833" VPOS="1633" WIDTH="132" HEIGHT="50" CONTENT="policy" WC="0.99" CC="000410"/>
						<SP ID="P16_SP00590" HPOS="2965" VPOS="1687" WIDTH="17"/>
						<String ID="P16_ST00695" HPOS="2983" VPOS="1631" WIDTH="60" HEIGHT="38" CONTENT="cul" SUBS_TYPE="HypPart1" SUBS_CONTENT="cultures" WC="0.99" CC="005"/>
						<HYP HPOS="3043" VPOS="1631" WIDTH="19" CONTENT="-"/>
					</TextLine>
					<TextLine ID="P16_TL00106" HPOS="2131" VPOS="1690" WIDTH="931" HEIGHT="54">
						<String ID="P16_ST00696" HPOS="2131" VPOS="1699" WIDTH="107" HEIGHT="33" CONTENT="tures" SUBS_TYPE="HypPart2" SUBS_CONTENT="cultures" WC="1.00" CC="30000"/>
						<SP ID="P16_SP00591" HPOS="2238" VPOS="1732" WIDTH="24"/>
						<String ID="P16_ST00697" HPOS="2261" VPOS="1696" WIDTH="233" HEIGHT="35" CONTENT="sometimes" WC="1.00" CC="000000005"/>
						<SP ID="P16_SP00592" HPOS="2494" VPOS="1732" WIDTH="22"/>
						<String ID="P16_ST00698" HPOS="2517" VPOS="1693" WIDTH="159" HEIGHT="50" CONTENT="despite" WC="1.00" CC="0000140"/>
						<SP ID="P16_SP00593" HPOS="2676" VPOS="1743" WIDTH="24"/>
						<String ID="P16_ST00699" HPOS="2699" VPOS="1691" WIDTH="110" HEIGHT="38" CONTENT="what" WC="0.99" CC="0005"/>
						<SP ID="P16_SP00594" HPOS="2809" VPOS="1743" WIDTH="20"/>
						<String ID="P16_ST00700" HPOS="2830" VPOS="1704" WIDTH="63" HEIGHT="24" CONTENT="we" WC="1.00" CC="00"/>
						<SP ID="P16_SP00595" HPOS="2893" VPOS="1743" WIDTH="24"/>
						<String ID="P16_ST00701" HPOS="2917" VPOS="1690" WIDTH="121" HEIGHT="36" CONTENT="under" SUBS_TYPE="HypPart1" SUBS_CONTENT="understand" WC="1.00" CC="00000"/>
						<HYP HPOS="3038" VPOS="1690" WIDTH="24" CONTENT="-"/>
					</TextLine>
					<TextLine ID="P16_TL00107" HPOS="2131" VPOS="1751" WIDTH="507" HEIGHT="49">
						<String ID="P16_ST00702" HPOS="2131" VPOS="1753" WIDTH="117" HEIGHT="35" CONTENT="stand" SUBS_TYPE="HypPart2" SUBS_CONTENT="understand" WC="0.98" CC="05070"/>
						<SP ID="P16_SP00596" HPOS="2247" VPOS="1787" WIDTH="16"/>
						<String ID="P16_ST00703" HPOS="2263" VPOS="1751" WIDTH="121" HEIGHT="36" CONTENT="about" WC="0.99" CC="20001"/>
						<SP ID="P16_SP00597" HPOS="2384" VPOS="1787" WIDTH="14"/>
						<String ID="P16_ST00704" HPOS="2398" VPOS="1751" WIDTH="65" HEIGHT="36" CONTENT="the" WC="0.96" CC="450"/>
						<SP ID="P16_SP00598" HPOS="2463" VPOS="1787" WIDTH="14"/>
						<String ID="P16_ST00705" HPOS="2477" VPOS="1754" WIDTH="161" HEIGHT="46" CONTENT="system." WC="1.00" CC="0000000"/>
					</TextLine>
					<TextLine ID="P16_TL00108" HPOS="2189" VPOS="1805" WIDTH="874" HEIGHT="52">
						<String ID="P16_ST00706" HPOS="2189" VPOS="1808" WIDTH="137" HEIGHT="38" CONTENT="There" WC="1.00" CC="00020"/>
						<SP ID="P16_SP00599" HPOS="2326" VPOS="1846" WIDTH="27"/>
						<String ID="P16_ST00707" HPOS="2353" VPOS="1820" WIDTH="69" HEIGHT="24" CONTENT="are" WC="0.99" CC="010"/>
						<SP ID="P16_SP00600" HPOS="2422" VPOS="1846" WIDTH="28"/>
						<String ID="P16_ST00708" HPOS="2450" VPOS="1813" WIDTH="76" HEIGHT="31" CONTENT="not" WC="0.98" CC="005"/>
						<SP ID="P16_SP00601" HPOS="2526" VPOS="1846" WIDTH="27"/>
						<String ID="P16_ST00709" HPOS="2553" VPOS="1819" WIDTH="134" HEIGHT="38" CONTENT="many" WC="1.00" CC="0020"/>
						<SP ID="P16_SP00602" HPOS="2687" VPOS="1857" WIDTH="27"/>
						<String ID="P16_ST00710" HPOS="2713" VPOS="1805" WIDTH="150" HEIGHT="52" CONTENT="policy" WC="0.99" CC="503000"/>
						<SP ID="P16_SP00603" HPOS="2863" VPOS="1857" WIDTH="28"/>
						<String ID="P16_ST00711" HPOS="2891" VPOS="1805" WIDTH="172" HEIGHT="36" CONTENT="makers" WC="1.00" CC="000010"/>
					</TextLine>
					<TextLine ID="P16_TL00109" HPOS="2132" VPOS="1861" WIDTH="932" HEIGHT="47">
						<String ID="P16_ST00712" HPOS="2132" VPOS="1865" WIDTH="159" HEIGHT="36" CONTENT="trained" WC="0.99" CC="3541600"/>
						<SP ID="P16_SP00604" HPOS="2291" VPOS="1901" WIDTH="22"/>
						<String ID="P16_ST00713" HPOS="2313" VPOS="1866" WIDTH="41" HEIGHT="33" CONTENT="in" WC="0.64" CC="06"/>
						<SP ID="P16_SP00605" HPOS="2354" VPOS="1901" WIDTH="20"/>
						<String ID="P16_ST00714" HPOS="2375" VPOS="1866" WIDTH="159" HEIGHT="35" CONTENT="science" WC="1.00" CC="0040010"/>
						<SP ID="P16_SP00606" HPOS="2534" VPOS="1901" WIDTH="19"/>
						<String ID="P16_ST00715" HPOS="2553" VPOS="1865" WIDTH="83" HEIGHT="35" CONTENT="and" WC="1.00" CC="000"/>
						<SP ID="P16_SP00607" HPOS="2636" VPOS="1901" WIDTH="20"/>
						<String ID="P16_ST00716" HPOS="2657" VPOS="1863" WIDTH="113" HEIGHT="36" CONTENT="there" WC="0.99" CC="04030"/>
						<SP ID="P16_SP00608" HPOS="2770" VPOS="1901" WIDTH="20"/>
						<String ID="P16_ST00717" HPOS="2791" VPOS="1861" WIDTH="129" HEIGHT="38" CONTENT="aren't" WC="1.00" CC="000000"/>
						<SP ID="P16_SP00609" HPOS="2920" VPOS="1901" WIDTH="20"/>
						<String ID="P16_ST00718" HPOS="2940" VPOS="1872" WIDTH="124" HEIGHT="36" CONTENT="many" WC="1.00" CC="0000"/>
					</TextLine>
					<TextLine ID="P16_TL00110" HPOS="2132" VPOS="1917" WIDTH="931" HEIGHT="54">
						<String ID="P16_ST00719" HPOS="2132" VPOS="1924" WIDTH="205" HEIGHT="35" CONTENT="scientists" WC="1.00" CC="0200000000"/>
						<SP ID="P16_SP00610" HPOS="2337" VPOS="1959" WIDTH="16"/>
						<String ID="P16_ST00720" HPOS="2353" VPOS="1921" WIDTH="161" HEIGHT="36" CONTENT="trained" WC="1.00" CC="0021000"/>
						<SP ID="P16_SP00611" HPOS="2513" VPOS="1959" WIDTH="14"/>
						<String ID="P16_ST00721" HPOS="2528" VPOS="1923" WIDTH="43" HEIGHT="35" CONTENT="in" WC="0.55" CC="35"/>
						<SP ID="P16_SP00612" HPOS="2570" VPOS="1959" WIDTH="16"/>
						<String ID="P16_ST00722" HPOS="2586" VPOS="1921" WIDTH="96" HEIGHT="36" CONTENT="how" WC="1.00" CC="000"/>
						<SP ID="P16_SP00613" HPOS="2682" VPOS="1959" WIDTH="16"/>
						<String ID="P16_ST00723" HPOS="2698" VPOS="1920" WIDTH="139" HEIGHT="50" CONTENT="policy" WC="0.99" CC="803020"/>
						<SP ID="P16_SP00614" HPOS="2836" VPOS="1970" WIDTH="14"/>
						<String ID="P16_ST00724" HPOS="2850" VPOS="1920" WIDTH="33" HEIGHT="35" CONTENT="is" WC="1.00" CC="00"/>
						<SP ID="P16_SP00615" HPOS="2883" VPOS="1970" WIDTH="16"/>
						<String ID="P16_ST00725" HPOS="2899" VPOS="1917" WIDTH="134" HEIGHT="38" CONTENT="made." WC="1.00" CC="00000"/>
						<SP ID="P16_SP00616" HPOS="3033" VPOS="1970" WIDTH="14"/>
						<String ID="P16_ST00726" HPOS="3047" VPOS="1917" WIDTH="16" HEIGHT="36" CONTENT="I" WC="1.00" CC="0"/>
					</TextLine>
					<TextLine ID="P16_TL00111" HPOS="2132" VPOS="1973" WIDTH="931" HEIGHT="55">
						<String ID="P16_ST00727" HPOS="2132" VPOS="1984" WIDTH="63" HEIGHT="44" CONTENT="try" WC="1.00" CC="000"/>
						<SP ID="P16_SP00617" HPOS="2195" VPOS="2028" WIDTH="19"/>
						<String ID="P16_ST00728" HPOS="2214" VPOS="1984" WIDTH="43" HEIGHT="30" CONTENT="to" WC="1.00" CC="00"/>
						<SP ID="P16_SP00618" HPOS="2257" VPOS="2028" WIDTH="19"/>
						<String ID="P16_ST00729" HPOS="2276" VPOS="1978" WIDTH="146" HEIGHT="50" CONTENT="design" WC="1.00" CC="001001"/>
						<SP ID="P16_SP00619" HPOS="2422" VPOS="2028" WIDTH="20"/>
						<String ID="P16_ST00730" HPOS="2443" VPOS="1991" WIDTH="69" HEIGHT="36" CONTENT="my" WC="1.00" CC="00"/>
						<SP ID="P16_SP00620" HPOS="2512" VPOS="2028" WIDTH="19"/>
						<String ID="P16_ST00731" HPOS="2531" VPOS="1989" WIDTH="169" HEIGHT="24" CONTENT="courses" WC="0.99" CC="0234000"/>
						<SP ID="P16_SP00621" HPOS="2699" VPOS="2028" WIDTH="19"/>
						<String ID="P16_ST00732" HPOS="2718" VPOS="1981" WIDTH="43" HEIGHT="31" CONTENT="to" WC="0.70" CC="50"/>
						<SP ID="P16_SP00622" HPOS="2761" VPOS="2028" WIDTH="19"/>
						<String ID="P16_ST00733" HPOS="2780" VPOS="1976" WIDTH="115" HEIGHT="36" CONTENT="draw" WC="0.99" CC="0500"/>
						<SP ID="P16_SP00623" HPOS="2894" VPOS="2028" WIDTH="20"/>
						<String ID="P16_ST00734" HPOS="2915" VPOS="1978" WIDTH="41" HEIGHT="33" CONTENT="in" WC="0.54" CC="26"/>
						<SP ID="P16_SP00624" HPOS="2956" VPOS="2028" WIDTH="20"/>
						<String ID="P16_ST00735" HPOS="2976" VPOS="1973" WIDTH="66" HEIGHT="38" CONTENT="oth" SUBS_TYPE="HypPart1" SUBS_CONTENT="otherwise" WC="0.98" CC="350"/>
						<HYP HPOS="3043" VPOS="1973" WIDTH="20" CONTENT="-"/>
					</TextLine>
					<TextLine ID="P16_TL00112" HPOS="2134" VPOS="2030" WIDTH="931" HEIGHT="43">
						<String ID="P16_ST00736" HPOS="2134" VPOS="2039" WIDTH="146" HEIGHT="33" CONTENT="erwise" SUBS_TYPE="HypPart2" SUBS_CONTENT="otherwise" WC="1.00" CC="000100"/>
						<SP ID="P16_SP00625" HPOS="2280" VPOS="2072" WIDTH="19"/>
						<String ID="P16_ST00737" HPOS="2299" VPOS="2035" WIDTH="220" HEIGHT="38" CONTENT="interested" WC="1.00" CC="0060000000"/>
						<SP ID="P16_SP00626" HPOS="2520" VPOS="2072" WIDTH="22"/>
						<String ID="P16_ST00738" HPOS="2542" VPOS="2035" WIDTH="192" HEIGHT="36" CONTENT="students" WC="1.00" CC="00000730"/>
						<SP ID="P16_SP00627" HPOS="2734" VPOS="2072" WIDTH="19"/>
						<String ID="P16_ST00739" HPOS="2753" VPOS="2035" WIDTH="43" HEIGHT="35" CONTENT="in" WC="0.95" CC="00"/>
						<SP ID="P16_SP00628" HPOS="2795" VPOS="2072" WIDTH="19"/>
						<String ID="P16_ST00740" HPOS="2814" VPOS="2033" WIDTH="69" HEIGHT="36" CONTENT="the" WC="1.00" CC="000"/>
						<SP ID="P16_SP00629" HPOS="2883" VPOS="2072" WIDTH="17"/>
						<String ID="P16_ST00741" HPOS="2901" VPOS="2030" WIDTH="164" HEIGHT="38" CONTENT="natural" WC="0.99" CC="3001106"/>
					</TextLine>
					<TextLine ID="P16_TL00113" HPOS="2134" VPOS="2088" WIDTH="931" HEIGHT="52">
						<String ID="P16_ST00742" HPOS="2134" VPOS="2094" WIDTH="181" HEIGHT="35" CONTENT="sciences" WC="0.99" CC="01106300"/>
						<SP ID="P16_SP00630" HPOS="2315" VPOS="2129" WIDTH="22"/>
						<String ID="P16_ST00743" HPOS="2337" VPOS="2091" WIDTH="82" HEIGHT="36" CONTENT="and" WC="0.97" CC="060"/>
						<SP ID="P16_SP00631" HPOS="2419" VPOS="2129" WIDTH="24"/>
						<String ID="P16_ST00744" HPOS="2443" VPOS="2102" WIDTH="231" HEIGHT="38" CONTENT="encourage" WC="0.99" CC="270402080"/>
						<SP ID="P16_SP00632" HPOS="2674" VPOS="2140" WIDTH="24"/>
						<String ID="P16_ST00745" HPOS="2698" VPOS="2090" WIDTH="113" HEIGHT="36" CONTENT="them" WC="0.99" CC="4000"/>
						<SP ID="P16_SP00633" HPOS="2811" VPOS="2140" WIDTH="20"/>
						<String ID="P16_ST00746" HPOS="2831" VPOS="2093" WIDTH="43" HEIGHT="33" CONTENT="to" WC="1.00" CC="00"/>
						<SP ID="P16_SP00634" HPOS="2874" VPOS="2140" WIDTH="20"/>
						<String ID="P16_ST00747" HPOS="2894" VPOS="2088" WIDTH="170" HEIGHT="38" CONTENT="become" WC="1.00" CC="400100"/>
					</TextLine>
					<TextLine ID="P16_TL00114" HPOS="2134" VPOS="2145" WIDTH="797" HEIGHT="43">
						<String ID="P16_ST00748" HPOS="2134" VPOS="2161" WIDTH="113" HEIGHT="27" CONTENT="more" WC="1.00" CC="0200"/>
						<SP ID="P16_SP00635" HPOS="2247" VPOS="2187" WIDTH="19"/>
						<String ID="P16_ST00749" HPOS="2266" VPOS="2148" WIDTH="176" HEIGHT="38" CONTENT="familiar" WC="0.99" CC="14010530"/>
						<SP ID="P16_SP00636" HPOS="2443" VPOS="2187" WIDTH="16"/>
						<String ID="P16_ST00750" HPOS="2458" VPOS="2148" WIDTH="102" HEIGHT="36" CONTENT="with" WC="0.99" CC="0221"/>
						<SP ID="P16_SP00637" HPOS="2561" VPOS="2187" WIDTH="17"/>
						<String ID="P16_ST00751" HPOS="2578" VPOS="2148" WIDTH="115" HEIGHT="36" CONTENT="these" WC="1.00" CC="20000"/>
						<SP ID="P16_SP00638" HPOS="2693" VPOS="2187" WIDTH="17"/>
						<String ID="P16_ST00752" HPOS="2710" VPOS="2145" WIDTH="220" HEIGHT="38" CONTENT="materials." WC="1.00" CC="0310300000"/>
					</TextLine>
					<TextLine ID="P16_TL00115" HPOS="2194" VPOS="2200" WIDTH="874" HEIGHT="43">
						<String ID="P16_ST00753" HPOS="2194" VPOS="2206" WIDTH="82" HEIGHT="36" CONTENT="The" WC="1.00" CC="000"/>
						<SP ID="P16_SP00639" HPOS="2276" VPOS="2243" WIDTH="19"/>
						<String ID="P16_ST00754" HPOS="2294" VPOS="2205" WIDTH="153" HEIGHT="38" CONTENT="classes" WC="1.00" CC="0600001"/>
						<SP ID="P16_SP00640" HPOS="2447" VPOS="2243" WIDTH="17"/>
						<String ID="P16_ST00755" HPOS="2465" VPOS="2209" WIDTH="146" HEIGHT="31" CONTENT="attract" WC="0.99" CC="0401203"/>
						<SP ID="P16_SP00641" HPOS="2611" VPOS="2243" WIDTH="19"/>
						<String ID="P16_ST00756" HPOS="2630" VPOS="2205" WIDTH="192" HEIGHT="35" CONTENT="students" WC="1.00" CC="00000500"/>
						<SP ID="P16_SP00642" HPOS="2822" VPOS="2243" WIDTH="19"/>
						<String ID="P16_ST00757" HPOS="2841" VPOS="2203" WIDTH="107" HEIGHT="36" CONTENT="from" WC="0.99" CC="3000"/>
						<SP ID="P16_SP00643" HPOS="2948" VPOS="2243" WIDTH="17"/>
						<String ID="P16_ST00758" HPOS="2965" VPOS="2200" WIDTH="102" HEIGHT="38" CONTENT="both" WC="0.99" CC="0004"/>
					</TextLine>
					<TextLine ID="P16_TL00116" HPOS="2135" VPOS="2258" WIDTH="930" HEIGHT="42">
						<String ID="P16_ST00759" HPOS="2135" VPOS="2263" WIDTH="162" HEIGHT="36" CONTENT="natural" WC="0.99" CC="3004036"/>
						<SP ID="P16_SP00644" HPOS="2298" VPOS="2299" WIDTH="20"/>
						<String ID="P16_ST00760" HPOS="2318" VPOS="2265" WIDTH="181" HEIGHT="35" CONTENT="sciences" WC="1.00" CC="00105000"/>
						<SP ID="P16_SP00645" HPOS="2499" VPOS="2299" WIDTH="20"/>
						<String ID="P16_ST00761" HPOS="2520" VPOS="2261" WIDTH="80" HEIGHT="38" CONTENT="and" WC="0.97" CC="170"/>
						<SP ID="P16_SP00646" HPOS="2600" VPOS="2299" WIDTH="22"/>
						<String ID="P16_ST00762" HPOS="2622" VPOS="2261" WIDTH="252" HEIGHT="36" CONTENT="humanities" WC="1.00" CC="0100010000"/>
						<SP ID="P16_SP00647" HPOS="2874" VPOS="2299" WIDTH="22"/>
						<String ID="P16_ST00763" HPOS="2896" VPOS="2258" WIDTH="82" HEIGHT="38" CONTENT="and" WC="0.97" CC="160"/>
						<SP ID="P16_SP00648" HPOS="2978" VPOS="2299" WIDTH="19"/>
						<String ID="P16_ST00764" HPOS="2997" VPOS="2269" WIDTH="46" HEIGHT="25" CONTENT="en" SUBS_TYPE="HypPart1" SUBS_CONTENT="encourage" WC="1.00" CC="00"/>
						<HYP HPOS="3043" VPOS="2269" WIDTH="22" CONTENT="-"/>
					</TextLine>
					<TextLine ID="P16_TL00117" HPOS="2135" VPOS="2315" WIDTH="933" HEIGHT="55">
						<String ID="P16_ST00765" HPOS="2135" VPOS="2331" WIDTH="180" HEIGHT="39" CONTENT="courage" SUBS_TYPE="HypPart2" SUBS_CONTENT="encourage" WC="0.99" CC="3024090"/>
						<SP ID="P16_SP00649" HPOS="2315" VPOS="2370" WIDTH="19"/>
						<String ID="P16_ST00766" HPOS="2334" VPOS="2318" WIDTH="189" HEIGHT="36" CONTENT="students" WC="1.00" CC="00000740"/>
						<SP ID="P16_SP00650" HPOS="2523" VPOS="2370" WIDTH="20"/>
						<String ID="P16_ST00767" HPOS="2543" VPOS="2318" WIDTH="106" HEIGHT="36" CONTENT="from" WC="0.98" CC="4300"/>
						<SP ID="P16_SP00651" HPOS="2649" VPOS="2370" WIDTH="17"/>
						<String ID="P16_ST00768" HPOS="2666" VPOS="2317" WIDTH="102" HEIGHT="36" CONTENT="each" WC="1.00" CC="0000"/>
						<SP ID="P16_SP00652" HPOS="2769" VPOS="2370" WIDTH="19"/>
						<String ID="P16_ST00769" HPOS="2787" VPOS="2315" WIDTH="220" HEIGHT="50" CONTENT="discipline" WC="1.00" CC="0000052000"/>
						<SP ID="P16_SP00653" HPOS="3008" VPOS="2370" WIDTH="17"/>
						<String ID="P16_ST00770" HPOS="3025" VPOS="2318" WIDTH="43" HEIGHT="33" CONTENT="to" WC="0.69" CC="23"/>
					</TextLine>
					<TextLine ID="P16_TL00118" HPOS="2137" VPOS="2372" WIDTH="931" HEIGHT="52">
						<String ID="P16_ST00771" HPOS="2137" VPOS="2378" WIDTH="107" HEIGHT="35" CONTENT="have" WC="1.00" CC="0000"/>
						<SP ID="P16_SP00654" HPOS="2244" VPOS="2413" WIDTH="24"/>
						<String ID="P16_ST00772" HPOS="2268" VPOS="2389" WIDTH="20" HEIGHT="24" CONTENT="a" WC="1.00" CC="0"/>
						<SP ID="P16_SP00655" HPOS="2288" VPOS="2413" WIDTH="27"/>
						<String ID="P16_ST00773" HPOS="2315" VPOS="2376" WIDTH="150" HEIGHT="36" CONTENT="shared" WC="1.00" CC="300000"/>
						<SP ID="P16_SP00656" HPOS="2465" VPOS="2413" WIDTH="24"/>
						<String ID="P16_ST00774" HPOS="2488" VPOS="2375" WIDTH="257" HEIGHT="49" CONTENT="vocabulary" WC="1.00" CC="0304000031"/>
						<SP ID="P16_SP00657" HPOS="2745" VPOS="2424" WIDTH="24"/>
						<String ID="P16_ST00775" HPOS="2769" VPOS="2373" WIDTH="88" HEIGHT="38" CONTENT="that" WC="0.97" CC="5504"/>
						<SP ID="P16_SP00658" HPOS="2857" VPOS="2424" WIDTH="24"/>
						<String ID="P16_ST00776" HPOS="2880" VPOS="2372" WIDTH="121" HEIGHT="50" CONTENT="helps" WC="0.99" CC="00023"/>
						<SP ID="P16_SP00659" HPOS="3002" VPOS="2424" WIDTH="24"/>
						<String ID="P16_ST00777" HPOS="3025" VPOS="2376" WIDTH="43" HEIGHT="31" CONTENT="to" WC="0.96" CC="00"/>
					</TextLine>
					<TextLine ID="P16_TL00119" HPOS="2137" VPOS="2428" WIDTH="928" HEIGHT="43">
						<String ID="P16_ST00778" HPOS="2137" VPOS="2433" WIDTH="255" HEIGHT="38" CONTENT="understand" WC="0.99" CC="1700501170"/>
						<SP ID="P16_SP00660" HPOS="2392" VPOS="2471" WIDTH="14"/>
						<String ID="P16_ST00779" HPOS="2406" VPOS="2433" WIDTH="154" HEIGHT="36" CONTENT="human" WC="0.99" CC="00040"/>
						<SP ID="P16_SP00661" HPOS="2561" VPOS="2471" WIDTH="14"/>
						<String ID="P16_ST00780" HPOS="2575" VPOS="2431" WIDTH="80" HEIGHT="36" CONTENT="and" WC="1.00" CC="000"/>
						<SP ID="P16_SP00662" HPOS="2655" VPOS="2471" WIDTH="14"/>
						<String ID="P16_ST00781" HPOS="2669" VPOS="2430" WIDTH="244" HEIGHT="38" CONTENT="nonhuman" WC="1.00" CC="00014010"/>
						<SP ID="P16_SP00663" HPOS="2913" VPOS="2471" WIDTH="13"/>
						<String ID="P16_ST00782" HPOS="2926" VPOS="2428" WIDTH="139" HEIGHT="36" CONTENT="forces." WC="0.99" CC="6040030"/>
					</TextLine>
					<TextLine ID="P16_TL00120" HPOS="2137" VPOS="2485" WIDTH="932" HEIGHT="54">
						<String ID="P16_ST00783" HPOS="2137" VPOS="2491" WIDTH="85" HEIGHT="36" CONTENT="You" WC="0.97" CC="205"/>
						<SP ID="P16_SP00664" HPOS="2222" VPOS="2528" WIDTH="20"/>
						<String ID="P16_ST00784" HPOS="2243" VPOS="2491" WIDTH="109" HEIGHT="35" CONTENT="can't" WC="0.98" CC="12742"/>
						<SP ID="P16_SP00665" HPOS="2351" VPOS="2528" WIDTH="17"/>
						<String ID="P16_ST00785" HPOS="2369" VPOS="2491" WIDTH="52" HEIGHT="35" CONTENT="be" WC="0.86" CC="20"/>
						<SP ID="P16_SP00666" HPOS="2420" VPOS="2528" WIDTH="20"/>
						<String ID="P16_ST00786" HPOS="2441" VPOS="2501" WIDTH="20" HEIGHT="25" CONTENT="a" WC="0.78" CC="2"/>
						<SP ID="P16_SP00667" HPOS="2461" VPOS="2528" WIDTH="20"/>
						<String ID="P16_ST00787" HPOS="2482" VPOS="2490" WIDTH="112" HEIGHT="49" CONTENT="good" WC="1.00" CC="0000"/>
						<SP ID="P16_SP00668" HPOS="2594" VPOS="2539" WIDTH="22"/>
						<String ID="P16_ST00788" HPOS="2616" VPOS="2490" WIDTH="137" HEIGHT="49" CONTENT="policy" WC="0.99" CC="030110"/>
						<SP ID="P16_SP00669" HPOS="2753" VPOS="2539" WIDTH="22"/>
						<String ID="P16_ST00789" HPOS="2775" VPOS="2487" WIDTH="142" HEIGHT="38" CONTENT="maker" WC="1.00" CC="02000"/>
						<SP ID="P16_SP00670" HPOS="2917" VPOS="2539" WIDTH="19"/>
						<String ID="P16_ST00790" HPOS="2935" VPOS="2485" WIDTH="33" HEIGHT="38" CONTENT="if" WC="0.83" CC="03"/>
						<SP ID="P16_SP00671" HPOS="2969" VPOS="2539" WIDTH="17"/>
						<String ID="P16_ST00791" HPOS="2986" VPOS="2498" WIDTH="83" HEIGHT="38" CONTENT="you" WC="1.00" CC="000"/>
					</TextLine>
					<TextLine ID="P16_TL00121" HPOS="2139" VPOS="2542" WIDTH="931" HEIGHT="43">
						<String ID="P16_ST00792" HPOS="2139" VPOS="2548" WIDTH="107" HEIGHT="36" CONTENT="can't" WC="0.99" CC="22500"/>
						<SP ID="P16_SP00672" HPOS="2246" VPOS="2584" WIDTH="19"/>
						<String ID="P16_ST00793" HPOS="2265" VPOS="2546" WIDTH="83" HEIGHT="38" CONTENT="talk" WC="0.99" CC="0050"/>
						<SP ID="P16_SP00673" HPOS="2348" VPOS="2584" WIDTH="19"/>
						<String ID="P16_ST00794" HPOS="2367" VPOS="2553" WIDTH="39" HEIGHT="30" CONTENT="to" WC="0.88" CC="20"/>
						<SP ID="P16_SP00674" HPOS="2406" VPOS="2584" WIDTH="20"/>
						<String ID="P16_ST00795" HPOS="2427" VPOS="2548" WIDTH="203" HEIGHT="35" CONTENT="scientists" WC="1.00" CC="2000000000"/>
						<SP ID="P16_SP00675" HPOS="2630" VPOS="2584" WIDTH="19"/>
						<String ID="P16_ST00796" HPOS="2649" VPOS="2545" WIDTH="83" HEIGHT="36" CONTENT="and" WC="1.00" CC="000"/>
						<SP ID="P16_SP00676" HPOS="2732" VPOS="2584" WIDTH="19"/>
						<String ID="P16_ST00797" HPOS="2751" VPOS="2543" WIDTH="98" HEIGHT="38" CONTENT="read" WC="1.00" CC="0000"/>
						<SP ID="P16_SP00677" HPOS="2849" VPOS="2584" WIDTH="19"/>
						<String ID="P16_ST00798" HPOS="2868" VPOS="2542" WIDTH="202" HEIGHT="38" CONTENT="scientific" WC="1.00" CC="0200000102"/>
					</TextLine>
					<TextLine ID="P16_TL00122" HPOS="2140" VPOS="2602" WIDTH="929" HEIGHT="39">
						<String ID="P16_ST00799" HPOS="2140" VPOS="2605" WIDTH="219" HEIGHT="36" CONTENT="literature." WC="1.00" CC="05003020000"/>
						<SP ID="P16_SP00678" HPOS="2359" VPOS="2641" WIDTH="19"/>
						<String ID="P16_ST00800" HPOS="2378" VPOS="2605" WIDTH="13" HEIGHT="35" CONTENT="I" WC="1.00" CC="0"/>
						<SP ID="P16_SP00679" HPOS="2391" VPOS="2641" WIDTH="19"/>
						<String ID="P16_ST00801" HPOS="2409" VPOS="2605" WIDTH="117" HEIGHT="35" CONTENT="think" WC="0.98" CC="05470"/>
						<SP ID="P16_SP00680" HPOS="2526" VPOS="2641" WIDTH="16"/>
						<String ID="P16_ST00802" HPOS="2542" VPOS="2605" WIDTH="113" HEIGHT="35" CONTENT="there" WC="0.99" CC="60010"/>
						<SP ID="P16_SP00681" HPOS="2655" VPOS="2641" WIDTH="17"/>
						<String ID="P16_ST00803" HPOS="2672" VPOS="2613" WIDTH="65" HEIGHT="27" CONTENT="are" WC="0.98" CC="130"/>
						<SP ID="P16_SP00682" HPOS="2737" VPOS="2641" WIDTH="17"/>
						<String ID="P16_ST00804" HPOS="2754" VPOS="2602" WIDTH="128" HEIGHT="36" CONTENT="limits" WC="1.00" CC="200100"/>
						<SP ID="P16_SP00683" HPOS="2882" VPOS="2641" WIDTH="17"/>
						<String ID="P16_ST00805" HPOS="2899" VPOS="2605" WIDTH="41" HEIGHT="31" CONTENT="to" WC="0.84" CC="30"/>
						<SP ID="P16_SP00684" HPOS="2940" VPOS="2641" WIDTH="16"/>
						<String ID="P16_ST00806" HPOS="2956" VPOS="2602" WIDTH="91" HEIGHT="35" CONTENT="envi" SUBS_TYPE="HypPart1" SUBS_CONTENT="environmental" WC="0.98" CC="0074"/>
						<HYP HPOS="3047" VPOS="2602" WIDTH="22" CONTENT="-"/>
					</TextLine>
					<TextLine ID="P16_TL00123" HPOS="2140" VPOS="2657" WIDTH="929" HEIGHT="52">
						<String ID="P16_ST00807" HPOS="2140" VPOS="2661" WIDTH="238" HEIGHT="38" CONTENT="ronmental" SUBS_TYPE="HypPart2" SUBS_CONTENT="environmental" WC="0.99" CC="307000700"/>
						<SP ID="P16_SP00685" HPOS="2378" VPOS="2699" WIDTH="27"/>
						<String ID="P16_ST00808" HPOS="2405" VPOS="2660" WIDTH="143" HEIGHT="49" CONTENT="policy" WC="0.99" CC="005020"/>
						<SP ID="P16_SP00686" HPOS="2548" VPOS="2709" WIDTH="27"/>
						<String ID="P16_ST00809" HPOS="2575" VPOS="2660" WIDTH="30" HEIGHT="36" CONTENT="if" WC="0.79" CC="04"/>
						<SP ID="P16_SP00687" HPOS="2605" VPOS="2709" WIDTH="25"/>
						<String ID="P16_ST00810" HPOS="2630" VPOS="2660" WIDTH="117" HEIGHT="36" CONTENT="there" WC="1.00" CC="00030"/>
						<SP ID="P16_SP00688" HPOS="2746" VPOS="2709" WIDTH="25"/>
						<String ID="P16_ST00811" HPOS="2772" VPOS="2660" WIDTH="35" HEIGHT="35" CONTENT="is" WC="0.83" CC="03"/>
						<SP ID="P16_SP00689" HPOS="2806" VPOS="2709" WIDTH="27"/>
						<String ID="P16_ST00812" HPOS="2833" VPOS="2669" WIDTH="55" HEIGHT="24" CONTENT="no" WC="0.99" CC="00"/>
						<SP ID="P16_SP00690" HPOS="2888" VPOS="2709" WIDTH="27"/>
						<String ID="P16_ST00813" HPOS="2915" VPOS="2657" WIDTH="129" HEIGHT="36" CONTENT="under" SUBS_TYPE="HypPart1" SUBS_CONTENT="understanding" WC="0.99" CC="20002"/>
						<HYP HPOS="3044" VPOS="2657" WIDTH="25" CONTENT="-"/>
					</TextLine>
					<TextLine ID="P16_TL00124" HPOS="2140" VPOS="2713" WIDTH="931" HEIGHT="56">
						<String ID="P16_ST00814" HPOS="2140" VPOS="2718" WIDTH="200" HEIGHT="50" CONTENT="standing" SUBS_TYPE="HypPart2" SUBS_CONTENT="understanding" WC="0.99" CC="06000309"/>
						<SP ID="P16_SP00691" HPOS="2340" VPOS="2769" WIDTH="25"/>
						<String ID="P16_ST00815" HPOS="2365" VPOS="2717" WIDTH="43" HEIGHT="38" CONTENT="of" WC="0.47" CC="45"/>
						<SP ID="P16_SP00692" HPOS="2408" VPOS="2769" WIDTH="24"/>
						<String ID="P16_ST00816" HPOS="2431" VPOS="2717" WIDTH="68" HEIGHT="36" CONTENT="the" WC="0.99" CC="200"/>
						<SP ID="P16_SP00693" HPOS="2499" VPOS="2769" WIDTH="25"/>
						<String ID="P16_ST00817" HPOS="2524" VPOS="2717" WIDTH="206" HEIGHT="36" CONTENT="scientific" WC="1.00" CC="0000031502"/>
						<SP ID="P16_SP00694" HPOS="2731" VPOS="2769" WIDTH="22"/>
						<String ID="P16_ST00818" HPOS="2753" VPOS="2715" WIDTH="151" HEIGHT="38" CONTENT="world." WC="1.00" CC="000000"/>
						<SP ID="P16_SP00695" HPOS="2904" VPOS="2769" WIDTH="27"/>
						<String ID="P16_ST00819" HPOS="2931" VPOS="2713" WIDTH="140" HEIGHT="49" CONTENT="Policy" WC="0.98" CC="705029"/>
					</TextLine>
					<TextLine ID="P16_TL00125" HPOS="2142" VPOS="2770" WIDTH="929" HEIGHT="43">
						<String ID="P16_ST00820" HPOS="2142" VPOS="2776" WIDTH="161" HEIGHT="36" CONTENT="makers" WC="0.99" CC="000105"/>
						<SP ID="P16_SP00696" HPOS="2302" VPOS="2813" WIDTH="14"/>
						<String ID="P16_ST00821" HPOS="2317" VPOS="2775" WIDTH="106" HEIGHT="36" CONTENT="need" WC="1.00" CC="1000"/>
						<SP ID="P16_SP00697" HPOS="2422" VPOS="2813" WIDTH="17"/>
						<String ID="P16_ST00822" HPOS="2439" VPOS="2778" WIDTH="39" HEIGHT="33" CONTENT="to" WC="0.91" CC="01"/>
						<SP ID="P16_SP00698" HPOS="2479" VPOS="2813" WIDTH="14"/>
						<String ID="P16_ST00823" HPOS="2493" VPOS="2775" WIDTH="106" HEIGHT="36" CONTENT="have" WC="0.99" CC="0400"/>
						<SP ID="P16_SP00699" HPOS="2598" VPOS="2813" WIDTH="16"/>
						<String ID="P16_ST00824" HPOS="2614" VPOS="2786" WIDTH="20" HEIGHT="24" CONTENT="a" WC="0.93" CC="0"/>
						<SP ID="P16_SP00700" HPOS="2635" VPOS="2813" WIDTH="13"/>
						<String ID="P16_ST00825" HPOS="2647" VPOS="2772" WIDTH="131" HEIGHT="38" CONTENT="broad" WC="0.99" CC="00310"/>
						<SP ID="P16_SP00701" HPOS="2778" VPOS="2813" WIDTH="17"/>
						<String ID="P16_ST00826" HPOS="2795" VPOS="2770" WIDTH="252" HEIGHT="38" CONTENT="understand" SUBS_TYPE="HypPart1" SUBS_CONTENT="understanding" WC="1.00" CC="2000130100"/>
						<HYP HPOS="3047" VPOS="2770" WIDTH="24" CONTENT="-"/>
					</TextLine>
					<TextLine ID="P16_TL00126" HPOS="2143" VPOS="2830" WIDTH="914" HEIGHT="52">
						<String ID="P16_ST00827" HPOS="2143" VPOS="2835" WIDTH="69" HEIGHT="47" CONTENT="ing" SUBS_TYPE="HypPart2" SUBS_CONTENT="understanding" WC="0.95" CC="309"/>
						<SP ID="P16_SP00702" HPOS="2213" VPOS="2882" WIDTH="17"/>
						<String ID="P16_ST00828" HPOS="2230" VPOS="2831" WIDTH="43" HEIGHT="36" CONTENT="of" WC="0.95" CC="00"/>
						<SP ID="P16_SP00703" HPOS="2272" VPOS="2882" WIDTH="16"/>
						<String ID="P16_ST00829" HPOS="2288" VPOS="2831" WIDTH="68" HEIGHT="36" CONTENT="the" WC="0.97" CC="250"/>
						<SP ID="P16_SP00704" HPOS="2356" VPOS="2882" WIDTH="19"/>
						<String ID="P16_ST00830" HPOS="2375" VPOS="2830" WIDTH="156" HEIGHT="36" CONTENT="culture" WC="0.99" CC="1205440"/>
						<SP ID="P16_SP00705" HPOS="2531" VPOS="2882" WIDTH="19"/>
						<String ID="P16_ST00831" HPOS="2550" VPOS="2833" WIDTH="41" HEIGHT="31" CONTENT="in" WC="0.55" CC="16"/>
						<SP ID="P16_SP00706" HPOS="2591" VPOS="2882" WIDTH="17"/>
						<String ID="P16_ST00832" HPOS="2608" VPOS="2830" WIDTH="137" HEIGHT="35" CONTENT="which" WC="1.00" CC="00000"/>
						<SP ID="P16_SP00707" HPOS="2745" VPOS="2882" WIDTH="17"/>
						<String ID="P16_ST00833" HPOS="2762" VPOS="2830" WIDTH="96" HEIGHT="47" CONTENT="they" WC="0.99" CC="4002"/>
						<SP ID="P16_SP00708" HPOS="2858" VPOS="2882" WIDTH="17"/>
						<String ID="P16_ST00834" HPOS="2876" VPOS="2830" WIDTH="181" HEIGHT="46" CONTENT="operate." WC="0.99" CC="56040000"/>
					</TextLine>
					<TextLine ID="P16_TL00127" HPOS="2202" VPOS="2882" WIDTH="872" HEIGHT="54">
						<String ID="P16_ST00835" HPOS="2202" VPOS="2890" WIDTH="72" HEIGHT="35" CONTENT="I'm" WC="1.00" CC="000"/>
						<SP ID="P16_SP00709" HPOS="2274" VPOS="2924" WIDTH="17"/>
						<String ID="P16_ST00836" HPOS="2291" VPOS="2890" WIDTH="135" HEIGHT="46" CONTENT="trying" WC="0.98" CC="200058"/>
						<SP ID="P16_SP00710" HPOS="2427" VPOS="2935" WIDTH="16"/>
						<String ID="P16_ST00837" HPOS="2443" VPOS="2891" WIDTH="39" HEIGHT="31" CONTENT="to" WC="1.00" CC="00"/>
						<SP ID="P16_SP00711" HPOS="2482" VPOS="2935" WIDTH="17"/>
						<String ID="P16_ST00838" HPOS="2499" VPOS="2890" WIDTH="94" HEIGHT="46" CONTENT="give" WC="0.98" CC="8000"/>
						<SP ID="P16_SP00712" HPOS="2594" VPOS="2935" WIDTH="14"/>
						<String ID="P16_ST00839" HPOS="2608" VPOS="2885" WIDTH="192" HEIGHT="38" CONTENT="students" WC="0.99" CC="05100500"/>
						<SP ID="P16_SP00713" HPOS="2800" VPOS="2935" WIDTH="16"/>
						<String ID="P16_ST00840" HPOS="2816" VPOS="2894" WIDTH="117" HEIGHT="25" CONTENT="some" WC="1.00" CC="0000"/>
						<SP ID="P16_SP00714" HPOS="2932" VPOS="2935" WIDTH="14"/>
						<String ID="P16_ST00841" HPOS="2946" VPOS="2882" WIDTH="44" HEIGHT="36" CONTENT="of" WC="0.73" CC="05"/>
						<SP ID="P16_SP00715" HPOS="2991" VPOS="2935" WIDTH="14"/>
						<String ID="P16_ST00842" HPOS="3005" VPOS="2882" WIDTH="69" HEIGHT="36" CONTENT="the" WC="0.98" CC="600"/>
					</TextLine>
					<TextLine ID="P16_TL00128" HPOS="2143" VPOS="2940" WIDTH="931" HEIGHT="55">
						<String ID="P16_ST00843" HPOS="2143" VPOS="2946" WIDTH="156" HEIGHT="49" CONTENT="history" WC="1.00" CC="0000030"/>
						<SP ID="P16_SP00716" HPOS="2299" VPOS="2995" WIDTH="14"/>
						<String ID="P16_ST00844" HPOS="2313" VPOS="2943" WIDTH="80" HEIGHT="36" CONTENT="and" WC="0.98" CC="040"/>
						<SP ID="P16_SP00717" HPOS="2394" VPOS="2995" WIDTH="16"/>
						<String ID="P16_ST00845" HPOS="2409" VPOS="2943" WIDTH="231" HEIGHT="50" CONTENT="regulatory" WC="1.00" CC="0005013000"/>
						<SP ID="P16_SP00718" HPOS="2641" VPOS="2995" WIDTH="14"/>
						<String ID="P16_ST00846" HPOS="2655" VPOS="2943" WIDTH="157" HEIGHT="47" CONTENT="history" WC="0.99" CC="0404200"/>
						<SP ID="P16_SP00719" HPOS="2813" VPOS="2995" WIDTH="11"/>
						<String ID="P16_ST00847" HPOS="2824" VPOS="2940" WIDTH="44" HEIGHT="38" CONTENT="of" WC="0.83" CC="03"/>
						<SP ID="P16_SP00720" HPOS="2868" VPOS="2995" WIDTH="13"/>
						<String ID="P16_ST00848" HPOS="2880" VPOS="2940" WIDTH="68" HEIGHT="36" CONTENT="the" WC="0.98" CC="510"/>
						<SP ID="P16_SP00721" HPOS="2948" VPOS="2995" WIDTH="13"/>
						<String ID="P16_ST00849" HPOS="2961" VPOS="2942" WIDTH="113" HEIGHT="47" CONTENT="quite" WC="0.99" CC="00120"/>
					</TextLine>
					<TextLine ID="P16_TL00129" HPOS="2143" VPOS="2995" WIDTH="931" HEIGHT="54">
						<String ID="P16_ST00850" HPOS="2143" VPOS="3003" WIDTH="200" HEIGHT="36" CONTENT="dramatic" WC="1.00" CC="00000100"/>
						<SP ID="P16_SP00722" HPOS="2343" VPOS="3039" WIDTH="25"/>
						<String ID="P16_ST00851" HPOS="2369" VPOS="3000" WIDTH="176" HEIGHT="49" CONTENT="changes" WC="0.99" CC="0002600"/>
						<SP ID="P16_SP00723" HPOS="2545" VPOS="3049" WIDTH="25"/>
						<String ID="P16_ST00852" HPOS="2570" VPOS="3000" WIDTH="87" HEIGHT="36" CONTENT="that" WC="1.00" CC="2000"/>
						<SP ID="P16_SP00724" HPOS="2657" VPOS="3049" WIDTH="24"/>
						<String ID="P16_ST00853" HPOS="2680" VPOS="2998" WIDTH="107" HEIGHT="36" CONTENT="have" WC="0.98" CC="3700"/>
						<SP ID="P16_SP00725" HPOS="2787" VPOS="3049" WIDTH="24"/>
						<String ID="P16_ST00854" HPOS="2811" VPOS="2995" WIDTH="197" HEIGHT="39" CONTENT="occurred" WC="1.00" CC="00023300"/>
						<SP ID="P16_SP00726" HPOS="3008" VPOS="3049" WIDTH="24"/>
						<String ID="P16_ST00855" HPOS="3031" VPOS="2997" WIDTH="43" HEIGHT="35" CONTENT="in" WC="1.00" CC="00"/>
					</TextLine>
					<TextLine ID="P16_TL00130" HPOS="2143" VPOS="3054" WIDTH="931" HEIGHT="54">
						<String ID="P16_ST00856" HPOS="2143" VPOS="3060" WIDTH="88" HEIGHT="36" CONTENT="U.S." WC="1.00" CC="0000"/>
						<SP ID="P16_SP00727" HPOS="2231" VPOS="3096" WIDTH="16"/>
						<String ID="P16_ST00857" HPOS="2247" VPOS="3057" WIDTH="331" HEIGHT="38" CONTENT="environmental" WC="0.99" CC="0360005704600"/>
						<SP ID="P16_SP00728" HPOS="2578" VPOS="3096" WIDTH="14"/>
						<String ID="P16_ST00858" HPOS="2592" VPOS="3057" WIDTH="143" HEIGHT="50" CONTENT="policy." WC="0.99" CC="0140300"/>
						<SP ID="P16_SP00729" HPOS="2735" VPOS="3107" WIDTH="17"/>
						<String ID="P16_ST00859" HPOS="2753" VPOS="3057" WIDTH="74" HEIGHT="35" CONTENT="For" WC="0.97" CC="420"/>
						<SP ID="P16_SP00730" HPOS="2827" VPOS="3107" WIDTH="14"/>
						<String ID="P16_ST00860" HPOS="2841" VPOS="3054" WIDTH="203" HEIGHT="49" CONTENT="teaching," WC="0.99" CC="300400094"/>
						<SP ID="P16_SP00731" HPOS="3044" VPOS="3107" WIDTH="16"/>
						<String ID="P16_ST00861" HPOS="3060" VPOS="3054" WIDTH="14" HEIGHT="35" CONTENT="I" WC="1.00" CC="0"/>
					</TextLine>
					<TextLine ID="P16_TL00131" HPOS="2145" VPOS="3110" WIDTH="929" HEIGHT="54">
						<String ID="P16_ST00862" HPOS="2145" VPOS="3121" WIDTH="63" HEIGHT="43" CONTENT="try" WC="0.98" CC="310"/>
						<SP ID="P16_SP00732" HPOS="2208" VPOS="3164" WIDTH="25"/>
						<String ID="P16_ST00863" HPOS="2233" VPOS="3120" WIDTH="41" HEIGHT="31" CONTENT="to" WC="0.81" CC="30"/>
						<SP ID="P16_SP00733" HPOS="2274" VPOS="3164" WIDTH="25"/>
						<String ID="P16_ST00864" HPOS="2299" VPOS="3115" WIDTH="175" HEIGHT="49" CONTENT="provide" WC="0.99" CC="8250000"/>
						<SP ID="P16_SP00734" HPOS="2474" VPOS="3164" WIDTH="25"/>
						<String ID="P16_ST00865" HPOS="2499" VPOS="3113" WIDTH="192" HEIGHT="36" CONTENT="students" WC="1.00" CC="00000000"/>
						<SP ID="P16_SP00735" HPOS="2691" VPOS="3164" WIDTH="24"/>
						<String ID="P16_ST00866" HPOS="2715" VPOS="3112" WIDTH="104" HEIGHT="36" CONTENT="with" WC="0.99" CC="0300"/>
						<SP ID="P16_SP00736" HPOS="2819" VPOS="3164" WIDTH="22"/>
						<String ID="P16_ST00867" HPOS="2841" VPOS="3110" WIDTH="115" HEIGHT="36" CONTENT="basic" WC="0.99" CC="10203"/>
						<SP ID="P16_SP00737" HPOS="2956" VPOS="3164" WIDTH="22"/>
						<String ID="P16_ST00868" HPOS="2978" VPOS="3120" WIDTH="72" HEIGHT="25" CONTENT="con" SUBS_TYPE="HypPart1" SUBS_CONTENT="concepts" WC="0.99" CC="210"/>
						<HYP HPOS="3050" VPOS="3120" WIDTH="24" CONTENT="-"/>
					</TextLine>
					<TextLine ID="P16_TL00132" HPOS="2145" VPOS="3165" WIDTH="929" HEIGHT="57">
						<String ID="P16_ST00869" HPOS="2145" VPOS="3178" WIDTH="113" HEIGHT="44" CONTENT="cepts" SUBS_TYPE="HypPart2" SUBS_CONTENT="concepts" WC="0.99" CC="00050"/>
						<SP ID="P16_SP00738" HPOS="2258" VPOS="3222" WIDTH="25"/>
						<String ID="P16_ST00870" HPOS="2283" VPOS="3183" WIDTH="43" HEIGHT="24" CONTENT="as" WC="1.00" CC="00"/>
						<SP ID="P16_SP00739" HPOS="2326" VPOS="3222" WIDTH="24"/>
						<String ID="P16_ST00871" HPOS="2350" VPOS="3170" WIDTH="30" HEIGHT="35" CONTENT="if" WC="0.64" CC="16"/>
						<SP ID="P16_SP00740" HPOS="2380" VPOS="3222" WIDTH="22"/>
						<String ID="P16_ST00872" HPOS="2402" VPOS="3170" WIDTH="96" HEIGHT="49" CONTENT="they" WC="0.98" CC="4500"/>
						<SP ID="P16_SP00741" HPOS="2498" VPOS="3222" WIDTH="20"/>
						<String ID="P16_ST00873" HPOS="2518" VPOS="3181" WIDTH="109" HEIGHT="24" CONTENT="were" WC="1.00" CC="0000"/>
						<SP ID="P16_SP00742" HPOS="2627" VPOS="3222" WIDTH="22"/>
						<String ID="P16_ST00874" HPOS="2649" VPOS="3170" WIDTH="107" HEIGHT="35" CONTENT="tools" WC="0.99" CC="50200"/>
						<SP ID="P16_SP00743" HPOS="2756" VPOS="3222" WIDTH="24"/>
						<String ID="P16_ST00875" HPOS="2780" VPOS="3169" WIDTH="82" HEIGHT="36" CONTENT="and" WC="1.00" CC="000"/>
						<SP ID="P16_SP00744" HPOS="2861" VPOS="3222" WIDTH="25"/>
						<String ID="P16_ST00876" HPOS="2887" VPOS="3167" WIDTH="98" HEIGHT="36" CONTENT="then" WC="0.99" CC="6000"/>
						<SP ID="P16_SP00745" HPOS="2984" VPOS="3222" WIDTH="22"/>
						<String ID="P16_ST00877" HPOS="3006" VPOS="3165" WIDTH="46" HEIGHT="36" CONTENT="de" SUBS_TYPE="HypPart1" SUBS_CONTENT="design" WC="1.00" CC="00"/>
						<HYP HPOS="3052" VPOS="3165" WIDTH="22" CONTENT="-"/>
					</TextLine>
					<TextLine ID="P16_TL00133" HPOS="2146" VPOS="3222" WIDTH="928" HEIGHT="55">
						<String ID="P16_ST00878" HPOS="2146" VPOS="3230" WIDTH="93" HEIGHT="47" CONTENT="sign" SUBS_TYPE="HypPart2" SUBS_CONTENT="design" WC="0.98" CC="0072"/>
						<SP ID="P16_SP00746" HPOS="2239" VPOS="3277" WIDTH="16"/>
						<String ID="P16_ST00879" HPOS="2255" VPOS="3227" WIDTH="208" HEIGHT="50" CONTENT="problems" WC="0.99" CC="65033000"/>
						<SP ID="P16_SP00747" HPOS="2463" VPOS="3277" WIDTH="17"/>
						<String ID="P16_ST00880" HPOS="2480" VPOS="3231" WIDTH="41" HEIGHT="31" CONTENT="to" WC="0.75" CC="22"/>
						<SP ID="P16_SP00748" HPOS="2521" VPOS="3277" WIDTH="16"/>
						<String ID="P16_ST00881" HPOS="2537" VPOS="3238" WIDTH="68" HEIGHT="25" CONTENT="see" WC="1.00" CC="000"/>
						<SP ID="P16_SP00749" HPOS="2605" VPOS="3277" WIDTH="17"/>
						<String ID="P16_ST00882" HPOS="2622" VPOS="3225" WIDTH="94" HEIGHT="36" CONTENT="how" WC="0.99" CC="300"/>
						<SP ID="P16_SP00750" HPOS="2717" VPOS="3277" WIDTH="17"/>
						<String ID="P16_ST00883" HPOS="2734" VPOS="3224" WIDTH="69" HEIGHT="36" CONTENT="the" WC="0.99" CC="030"/>
						<SP ID="P16_SP00751" HPOS="2803" VPOS="3277" WIDTH="14"/>
						<String ID="P16_ST00884" HPOS="2817" VPOS="3222" WIDTH="109" HEIGHT="38" CONTENT="tools" WC="1.00" CC="00200"/>
						<SP ID="P16_SP00752" HPOS="2926" VPOS="3277" WIDTH="16"/>
						<String ID="P16_ST00885" HPOS="2942" VPOS="3222" WIDTH="132" HEIGHT="50" CONTENT="apply." WC="0.99" CC="460000"/>
					</TextLine>
					<TextLine ID="P16_TL00134" HPOS="2148" VPOS="3277" WIDTH="926" HEIGHT="57">
						<String ID="P16_ST00886" HPOS="2148" VPOS="3285" WIDTH="33" HEIGHT="36" CONTENT="If" WC="0.71" CC="05"/>
						<SP ID="P16_SP00753" HPOS="2181" VPOS="3321" WIDTH="16"/>
						<String ID="P16_ST00887" HPOS="2197" VPOS="3285" WIDTH="96" HEIGHT="49" CONTENT="they" WC="1.00" CC="0000"/>
						<SP ID="P16_SP00754" HPOS="2293" VPOS="3334" WIDTH="19"/>
						<String ID="P16_ST00888" HPOS="2312" VPOS="3283" WIDTH="129" HEIGHT="43" CONTENT="don't," WC="0.99" CC="000053"/>
						<SP ID="P16_SP00755" HPOS="2441" VPOS="3334" WIDTH="20"/>
						<String ID="P16_ST00889" HPOS="2461" VPOS="3283" WIDTH="96" HEIGHT="36" CONTENT="then" WC="1.00" CC="0000"/>
						<SP ID="P16_SP00756" HPOS="2557" VPOS="3334" WIDTH="20"/>
						<String ID="P16_ST00890" HPOS="2578" VPOS="3282" WIDTH="66" HEIGHT="36" CONTENT="the" WC="0.98" CC="400"/>
						<SP ID="P16_SP00757" HPOS="2644" VPOS="3334" WIDTH="19"/>
						<String ID="P16_ST00891" HPOS="2663" VPOS="3282" WIDTH="192" HEIGHT="36" CONTENT="students" WC="0.99" CC="04500600"/>
						<SP ID="P16_SP00758" HPOS="2855" VPOS="3334" WIDTH="19"/>
						<String ID="P16_ST00892" HPOS="2874" VPOS="3291" WIDTH="94" HEIGHT="38" CONTENT="may" WC="1.00" CC="000"/>
						<SP ID="P16_SP00759" HPOS="2969" VPOS="3334" WIDTH="19"/>
						<String ID="P16_ST00893" HPOS="2987" VPOS="3277" WIDTH="87" HEIGHT="38" CONTENT="find" WC="1.00" CC="1000"/>
					</TextLine>
					<TextLine ID="P16_TL00135" HPOS="2148" VPOS="3340" WIDTH="470" HEIGHT="38">
						<String ID="P16_ST00894" HPOS="2148" VPOS="3353" WIDTH="63" HEIGHT="25" CONTENT="we" WC="1.00" CC="00"/>
						<SP ID="P16_SP00760" HPOS="2211" VPOS="3378" WIDTH="17"/>
						<String ID="P16_ST00895" HPOS="2228" VPOS="3342" WIDTH="106" HEIGHT="36" CONTENT="need" WC="0.98" CC="6020"/>
						<SP ID="P16_SP00761" HPOS="2334" VPOS="3378" WIDTH="17"/>
						<String ID="P16_ST00896" HPOS="2351" VPOS="3340" WIDTH="129" HEIGHT="36" CONTENT="better" WC="0.99" CC="005003"/>
						<SP ID="P16_SP00762" HPOS="2480" VPOS="3378" WIDTH="17"/>
						<String ID="P16_ST00897" HPOS="2498" VPOS="3340" WIDTH="120" HEIGHT="36" CONTENT="tools." WC="0.99" CC="530000"/>
					</TextLine>
				</TextBlock>
				<TextBlock ID="P16_TB00014" HPOS="2148" VPOS="3391" WIDTH="934" HEIGHT="561" language="en" STYLEREFS="TXT_5 PAR_BLOCK">
					<TextLine ID="P16_TL00136" HPOS="2150" VPOS="3391" WIDTH="928" HEIGHT="55">
						<String ID="P16_ST00898" HPOS="2150" VPOS="3400" WIDTH="50" HEIGHT="43" CONTENT="Q." WC="0.98" CC="00" STYLEREFS="TXT_4"/>
						<SP ID="P16_SP00763" HPOS="2200" VPOS="3443" WIDTH="19"/>
						<String ID="P16_ST00899" HPOS="2219" VPOS="3395" WIDTH="101" HEIGHT="50" CONTENT="Why" WC="0.99" CC="010" STYLEREFS="TXT_4"/>
						<SP ID="P16_SP00764" HPOS="2320" VPOS="3446" WIDTH="19"/>
						<String ID="P16_ST00900" HPOS="2339" VPOS="3395" WIDTH="52" HEIGHT="38" CONTENT="do" WC="0.46" CC="45" STYLEREFS="TXT_4"/>
						<SP ID="P16_SP00765" HPOS="2391" VPOS="3446" WIDTH="19"/>
						<String ID="P16_ST00901" HPOS="2409" VPOS="3408" WIDTH="76" HEIGHT="36" CONTENT="you" WC="1.00" CC="100" STYLEREFS="TXT_4"/>
						<SP ID="P16_SP00766" HPOS="2485" VPOS="3446" WIDTH="20"/>
						<String ID="P16_ST00902" HPOS="2506" VPOS="3406" WIDTH="71" HEIGHT="25" CONTENT="use" WC="0.97" CC="420" STYLEREFS="TXT_4"/>
						<SP ID="P16_SP00767" HPOS="2576" VPOS="3446" WIDTH="17"/>
						<String ID="P16_ST00903" HPOS="2594" VPOS="3395" WIDTH="142" HEIGHT="36" CONTENT="fiction" WC="0.99" CC="6012006" STYLEREFS="TXT_4"/>
						<SP ID="P16_SP00768" HPOS="2735" VPOS="3446" WIDTH="19"/>
						<String ID="P16_ST00904" HPOS="2754" VPOS="3398" WIDTH="43" HEIGHT="31" CONTENT="to" WC="0.79" CC="04" STYLEREFS="TXT_4"/>
						<SP ID="P16_SP00769" HPOS="2797" VPOS="3446" WIDTH="17"/>
						<String ID="P16_ST00905" HPOS="2814" VPOS="3392" WIDTH="120" HEIGHT="38" CONTENT="teach" WC="0.99" CC="60003" STYLEREFS="TXT_4"/>
						<SP ID="P16_SP00770" HPOS="2934" VPOS="3446" WIDTH="19"/>
						<String ID="P16_ST00906" HPOS="2953" VPOS="3391" WIDTH="124" HEIGHT="39" CONTENT="about" WC="0.99" CC="00045" STYLEREFS="TXT_4"/>
					</TextLine>
					<TextLine ID="P16_TL00137" HPOS="2150" VPOS="3447" WIDTH="929" HEIGHT="50">
						<String ID="P16_ST00907" HPOS="2150" VPOS="3454" WIDTH="68" HEIGHT="38" CONTENT="the" WC="1.00" CC="000" STYLEREFS="TXT_4"/>
						<SP ID="P16_SP00771" HPOS="2217" VPOS="3491" WIDTH="16"/>
						<String ID="P16_ST00908" HPOS="2233" VPOS="3454" WIDTH="279" HEIGHT="36" CONTENT="environment" WC="0.99" CC="03053119300" STYLEREFS="TXT_4"/>
						<SP ID="P16_SP00772" HPOS="2512" VPOS="3491" WIDTH="16"/>
						<String ID="P16_ST00909" HPOS="2528" VPOS="3450" WIDTH="77" HEIGHT="38" CONTENT="and" WC="1.00" CC="010" STYLEREFS="TXT_4"/>
						<SP ID="P16_SP00773" HPOS="2605" VPOS="3491" WIDTH="17"/>
						<String ID="P16_ST00910" HPOS="2622" VPOS="3447" WIDTH="321" HEIGHT="41" CONTENT="environmental" WC="1.00" CC="0400346403200" STYLEREFS="TXT_4"/>
						<SP ID="P16_SP00774" HPOS="2943" VPOS="3491" WIDTH="17"/>
						<String ID="P16_ST00911" HPOS="2961" VPOS="3458" WIDTH="94" HEIGHT="39" CONTENT="prop" SUBS_TYPE="HypPart1" SUBS_CONTENT="property" WC="1.00" CC="0001" STYLEREFS="TXT_4"/>
						<HYP HPOS="3055" VPOS="3458" WIDTH="24" CONTENT="-"/>
					</TextLine>
					<TextLine ID="P16_TL00138" HPOS="2151" VPOS="3506" WIDTH="930" HEIGHT="54">
						<String ID="P16_ST00912" HPOS="2151" VPOS="3515" WIDTH="85" HEIGHT="44" CONTENT="erty" SUBS_TYPE="HypPart2" SUBS_CONTENT="property" WC="1.00" CC="0000" STYLEREFS="TXT_4"/>
						<SP ID="P16_SP00775" HPOS="2236" VPOS="3559" WIDTH="22"/>
						<String ID="P16_ST00913" HPOS="2258" VPOS="3509" WIDTH="143" HEIGHT="50" CONTENT="rights?" WC="1.00" CC="0700000" STYLEREFS="TXT_4"/>
						<SP ID="P16_SP00776" HPOS="2402" VPOS="3559" WIDTH="25"/>
						<String ID="P16_ST00914" HPOS="2427" VPOS="3512" WIDTH="27" HEIGHT="33" CONTENT="It" WC="0.57" CC="16" STYLEREFS="TXT_4"/>
						<SP ID="P16_SP00777" HPOS="2454" VPOS="3559" WIDTH="22"/>
						<String ID="P16_ST00915" HPOS="2476" VPOS="3520" WIDTH="129" HEIGHT="25" CONTENT="seems" WC="1.00" CC="10020" STYLEREFS="TXT_4"/>
						<SP ID="P16_SP00778" HPOS="2605" VPOS="3559" WIDTH="22"/>
						<String ID="P16_ST00916" HPOS="2627" VPOS="3513" WIDTH="41" HEIGHT="31" CONTENT="to" WC="0.62" CC="25" STYLEREFS="TXT_4"/>
						<SP ID="P16_SP00779" HPOS="2668" VPOS="3559" WIDTH="24"/>
						<String ID="P16_ST00917" HPOS="2691" VPOS="3507" WIDTH="49" HEIGHT="36" CONTENT="be" WC="0.94" CC="10" STYLEREFS="TXT_4"/>
						<SP ID="P16_SP00780" HPOS="2740" VPOS="3559" WIDTH="20"/>
						<String ID="P16_ST00918" HPOS="2761" VPOS="3518" WIDTH="24" HEIGHT="25" CONTENT="a" WC="1.00" CC="0" STYLEREFS="TXT_4"/>
						<SP ID="P16_SP00781" HPOS="2784" VPOS="3559" WIDTH="22"/>
						<String ID="P16_ST00919" HPOS="2806" VPOS="3506" WIDTH="134" HEIGHT="38" CONTENT="rather" WC="0.99" CC="004024" STYLEREFS="TXT_4"/>
						<SP ID="P16_SP00782" HPOS="2940" VPOS="3559" WIDTH="20"/>
						<String ID="P16_ST00920" HPOS="2961" VPOS="3517" WIDTH="96" HEIGHT="25" CONTENT="unor" SUBS_TYPE="HypPart1" SUBS_CONTENT="unorthodox" WC="1.00" CC="0020" STYLEREFS="TXT_4"/>
						<HYP HPOS="3057" VPOS="3517" WIDTH="24" CONTENT="-"/>
					</TextLine>
					<TextLine ID="P16_TL00139" HPOS="2151" VPOS="3559" WIDTH="890" HEIGHT="54">
						<String ID="P16_ST00921" HPOS="2151" VPOS="3565" WIDTH="151" HEIGHT="38" CONTENT="thodox" SUBS_TYPE="HypPart2" SUBS_CONTENT="unorthodox" WC="1.00" CC="000040" STYLEREFS="TXT_4"/>
						<SP ID="P16_SP00783" HPOS="2302" VPOS="3603" WIDTH="22"/>
						<String ID="P16_ST00922" HPOS="2324" VPOS="3564" WIDTH="203" HEIGHT="49" CONTENT="approach" WC="1.00" CC="00000000" STYLEREFS="TXT_4"/>
						<SP ID="P16_SP00784" HPOS="2528" VPOS="3613" WIDTH="19"/>
						<String ID="P16_ST00923" HPOS="2546" VPOS="3570" WIDTH="44" HEIGHT="30" CONTENT="to" WC="0.53" CC="44" STYLEREFS="TXT_4"/>
						<SP ID="P16_SP00785" HPOS="2591" VPOS="3613" WIDTH="19"/>
						<String ID="P16_ST00924" HPOS="2609" VPOS="3562" WIDTH="117" HEIGHT="38" CONTENT="teach" WC="1.00" CC="30000" STYLEREFS="TXT_4"/>
						<SP ID="P16_SP00786" HPOS="2726" VPOS="3613" WIDTH="22"/>
						<String ID="P16_ST00925" HPOS="2748" VPOS="3562" WIDTH="77" HEIGHT="36" CONTENT="this" WC="0.99" CC="0020" STYLEREFS="TXT_4"/>
						<SP ID="P16_SP00787" HPOS="2825" VPOS="3613" WIDTH="20"/>
						<String ID="P16_ST00926" HPOS="2846" VPOS="3559" WIDTH="195" HEIGHT="38" CONTENT="material." WC="1.00" CC="003053000" STYLEREFS="TXT_4"/>
					</TextLine>
					<TextLine ID="P16_TL00140" HPOS="2151" VPOS="3617" WIDTH="930" HEIGHT="56">
						<String ID="P16_ST00927" HPOS="2151" VPOS="3625" WIDTH="47" HEIGHT="35" CONTENT="A." WC="1.00" CC="00"/>
						<SP ID="P16_SP00788" HPOS="2198" VPOS="3660" WIDTH="19"/>
						<String ID="P16_ST00928" HPOS="2217" VPOS="3625" WIDTH="13" HEIGHT="33" CONTENT="I" WC="1.00" CC="0"/>
						<SP ID="P16_SP00789" HPOS="2230" VPOS="3660" WIDTH="17"/>
						<String ID="P16_ST00929" HPOS="2247" VPOS="3624" WIDTH="154" HEIGHT="49" CONTENT="always" WC="0.99" CC="020302"/>
						<SP ID="P16_SP00790" HPOS="2402" VPOS="3672" WIDTH="17"/>
						<String ID="P16_ST00930" HPOS="2419" VPOS="3622" WIDTH="107" HEIGHT="36" CONTENT="liked" WC="1.00" CC="00000"/>
						<SP ID="P16_SP00791" HPOS="2526" VPOS="3672" WIDTH="17"/>
						<String ID="P16_ST00931" HPOS="2543" VPOS="3622" WIDTH="173" HEIGHT="47" CONTENT="reading" WC="0.99" CC="0000368"/>
						<SP ID="P16_SP00792" HPOS="2717" VPOS="3672" WIDTH="79"/>
						<String ID="P16_ST00932" HPOS="2795" VPOS="3622" WIDTH="13" HEIGHT="35" CONTENT="I" WC="1.00" CC="0"/>
						<SP ID="P16_SP00793" HPOS="2808" VPOS="3672" WIDTH="16"/>
						<String ID="P16_ST00933" HPOS="2824" VPOS="3619" WIDTH="83" HEIGHT="36" CONTENT="had" WC="1.00" CC="000"/>
						<SP ID="P16_SP00794" HPOS="2907" VPOS="3672" WIDTH="17"/>
						<String ID="P16_ST00934" HPOS="2924" VPOS="3630" WIDTH="20" HEIGHT="25" CONTENT="a" WC="1.00" CC="0"/>
						<SP ID="P16_SP00795" HPOS="2945" VPOS="3672" WIDTH="16"/>
						<String ID="P16_ST00935" HPOS="2961" VPOS="3617" WIDTH="96" HEIGHT="36" CONTENT="back" SUBS_TYPE="HypPart1" SUBS_CONTENT="background" WC="1.00" CC="0020"/>
						<HYP HPOS="3057" VPOS="3617" WIDTH="24" CONTENT="-"/>
					</TextLine>
					<TextLine ID="P16_TL00141" HPOS="2153" VPOS="3674" WIDTH="929" HEIGHT="55">
						<String ID="P16_ST00936" HPOS="2153" VPOS="3680" WIDTH="162" HEIGHT="49" CONTENT="ground" SUBS_TYPE="HypPart2" SUBS_CONTENT="background" WC="0.99" CC="540000"/>
						<SP ID="P16_SP00796" HPOS="2315" VPOS="3729" WIDTH="17"/>
						<String ID="P16_ST00937" HPOS="2332" VPOS="3680" WIDTH="11" HEIGHT="35" CONTENT="I" WC="0.33" CC="6"/>
						<SP ID="P16_SP00797" HPOS="2343" VPOS="3729" WIDTH="17"/>
						<String ID="P16_ST00938" HPOS="2361" VPOS="3679" WIDTH="121" HEIGHT="36" CONTENT="could" WC="1.00" CC="10200"/>
						<SP ID="P16_SP00798" HPOS="2482" VPOS="3729" WIDTH="19"/>
						<String ID="P16_ST00939" HPOS="2501" VPOS="3679" WIDTH="115" HEIGHT="35" CONTENT="draw" WC="1.00" CC="0100"/>
						<SP ID="P16_SP00799" HPOS="2616" VPOS="3729" WIDTH="17"/>
						<String ID="P16_ST00940" HPOS="2633" VPOS="3677" WIDTH="117" HEIGHT="36" CONTENT="from." WC="0.98" CC="63300"/>
						<SP ID="P16_SP00800" HPOS="2750" VPOS="3729" WIDTH="17"/>
						<String ID="P16_ST00941" HPOS="2767" VPOS="3676" WIDTH="153" HEIGHT="49" CONTENT="Taking" WC="0.99" CC="000160"/>
						<SP ID="P16_SP00801" HPOS="2920" VPOS="3729" WIDTH="16"/>
						<String ID="P16_ST00942" HPOS="2935" VPOS="3685" WIDTH="20" HEIGHT="25" CONTENT="a" WC="1.00" CC="0"/>
						<SP ID="P16_SP00802" HPOS="2956" VPOS="3729" WIDTH="14"/>
						<String ID="P16_ST00943" HPOS="2970" VPOS="3674" WIDTH="112" HEIGHT="36" CONTENT="book" WC="0.99" CC="0150"/>
					</TextLine>
					<TextLine ID="P16_TL00142" HPOS="2154" VPOS="3731" WIDTH="927" HEIGHT="54">
						<String ID="P16_ST00944" HPOS="2154" VPOS="3737" WIDTH="79" HEIGHT="35" CONTENT="like" WC="0.99" CC="4100"/>
						<SP ID="P16_SP00803" HPOS="2233" VPOS="3772" WIDTH="14"/>
						<String ID="P16_ST00945" HPOS="2247" VPOS="3735" WIDTH="115" HEIGHT="49" CONTENT="Moby" WC="0.99" CC="3000" STYLEREFS="TXT_3"/>
						<SP ID="P16_SP00804" HPOS="2362" VPOS="3784" WIDTH="16"/>
						<String ID="P16_ST00946" HPOS="2378" VPOS="3735" WIDTH="93" HEIGHT="35" CONTENT="Dick" WC="1.00" CC="0100" STYLEREFS="TXT_3"/>
						<SP ID="P16_SP00805" HPOS="2471" VPOS="3784" WIDTH="74"/>
						<String ID="P16_ST00947" HPOS="2545" VPOS="3735" WIDTH="66" HEIGHT="35" CONTENT="it's" WC="0.99" CC="2300"/>
						<SP ID="P16_SP00806" HPOS="2611" VPOS="3784" WIDTH="14"/>
						<String ID="P16_ST00948" HPOS="2625" VPOS="3745" WIDTH="20" HEIGHT="25" CONTENT="a" WC="1.00" CC="0"/>
						<SP ID="P16_SP00807" HPOS="2646" VPOS="3784" WIDTH="16"/>
						<String ID="P16_ST00949" HPOS="2661" VPOS="3734" WIDTH="178" HEIGHT="49" CONTENT="polemic" WC="1.00" CC="0250000"/>
						<SP ID="P16_SP00808" HPOS="2839" VPOS="3784" WIDTH="14"/>
						<String ID="P16_ST00950" HPOS="2854" VPOS="3731" WIDTH="126" HEIGHT="36" CONTENT="about" WC="0.98" CC="10057"/>
						<SP ID="P16_SP00809" HPOS="2980" VPOS="3784" WIDTH="14"/>
						<String ID="P16_ST00951" HPOS="2994" VPOS="3731" WIDTH="87" HEIGHT="36" CONTENT="U.S." WC="0.98" CC="0000"/>
					</TextLine>
					<TextLine ID="P16_TL00143" HPOS="2153" VPOS="3787" WIDTH="929" HEIGHT="52">
						<String ID="P16_ST00952" HPOS="2153" VPOS="3795" WIDTH="129" HEIGHT="33" CONTENT="views" WC="1.00" CC="01000"/>
						<SP ID="P16_SP00810" HPOS="2282" VPOS="3828" WIDTH="14"/>
						<String ID="P16_ST00953" HPOS="2296" VPOS="3791" WIDTH="44" HEIGHT="36" CONTENT="of" WC="0.79" CC="12"/>
						<SP ID="P16_SP00811" HPOS="2340" VPOS="3828" WIDTH="11"/>
						<String ID="P16_ST00954" HPOS="2351" VPOS="3795" WIDTH="200" HEIGHT="44" CONTENT="property." WC="1.00" CC="000010300"/>
						<SP ID="P16_SP00812" HPOS="2551" VPOS="3839" WIDTH="16"/>
						<String ID="P16_ST00955" HPOS="2567" VPOS="3791" WIDTH="30" HEIGHT="35" CONTENT="It" WC="0.76" CC="04"/>
						<SP ID="P16_SP00813" HPOS="2597" VPOS="3839" WIDTH="16"/>
						<String ID="P16_ST00956" HPOS="2613" VPOS="3789" WIDTH="113" HEIGHT="36" CONTENT="deals" WC="1.00" CC="00040"/>
						<SP ID="P16_SP00814" HPOS="2726" VPOS="3839" WIDTH="14"/>
						<String ID="P16_ST00957" HPOS="2740" VPOS="3787" WIDTH="101" HEIGHT="36" CONTENT="with" WC="0.98" CC="0025"/>
						<SP ID="P16_SP00815" HPOS="2841" VPOS="3839" WIDTH="14"/>
						<String ID="P16_ST00958" HPOS="2855" VPOS="3787" WIDTH="157" HEIGHT="35" CONTENT="human" WC="0.99" CC="00007"/>
						<SP ID="P16_SP00816" HPOS="3013" VPOS="3839" WIDTH="13"/>
						<String ID="P16_ST00959" HPOS="3025" VPOS="3798" WIDTH="38" HEIGHT="24" CONTENT="re" SUBS_TYPE="HypPart1" SUBS_CONTENT="relationships" WC="0.98" CC="10"/>
						<HYP HPOS="3063" VPOS="3798" WIDTH="19" CONTENT="-"/>
					</TextLine>
					<TextLine ID="P16_TL00144" HPOS="2154" VPOS="3843" WIDTH="928" HEIGHT="54">
						<String ID="P16_ST00960" HPOS="2154" VPOS="3847" WIDTH="247" HEIGHT="49" CONTENT="lationships" SUBS_TYPE="HypPart2" SUBS_CONTENT="relationships" WC="1.00" CC="20500700500"/>
						<SP ID="P16_SP00817" HPOS="2402" VPOS="3896" WIDTH="25"/>
						<String ID="P16_ST00961" HPOS="2427" VPOS="3847" WIDTH="99" HEIGHT="35" CONTENT="with" WC="0.99" CC="0050"/>
						<SP ID="P16_SP00818" HPOS="2526" VPOS="3896" WIDTH="24"/>
						<String ID="P16_ST00962" HPOS="2550" VPOS="3847" WIDTH="246" HEIGHT="35" CONTENT="nonhuman" WC="1.00" CC="00000006"/>
						<SP ID="P16_SP00819" HPOS="2795" VPOS="3896" WIDTH="22"/>
						<String ID="P16_ST00963" HPOS="2817" VPOS="3849" WIDTH="159" HEIGHT="36" CONTENT="nature," WC="0.99" CC="7134004"/>
						<SP ID="P16_SP00820" HPOS="2976" VPOS="3896" WIDTH="25"/>
						<String ID="P16_ST00964" HPOS="3002" VPOS="3843" WIDTH="80" HEIGHT="36" CONTENT="and" WC="0.98" CC="060"/>
					</TextLine>
					<TextLine ID="P16_TL00145" HPOS="2156" VPOS="3899" WIDTH="926" HEIGHT="52">
						<String ID="P16_ST00965" HPOS="2156" VPOS="3906" WIDTH="66" HEIGHT="36" CONTENT="the" WC="1.00" CC="000"/>
						<SP ID="P16_SP00821" HPOS="2222" VPOS="3942" WIDTH="22"/>
						<String ID="P16_ST00966" HPOS="2244" VPOS="3915" WIDTH="306" HEIGHT="36" CONTENT="consequences" WC="1.00" CC="304300006000"/>
						<SP ID="P16_SP00822" HPOS="2550" VPOS="3951" WIDTH="22"/>
						<String ID="P16_ST00967" HPOS="2572" VPOS="3902" WIDTH="44" HEIGHT="36" CONTENT="of" WC="0.86" CC="20"/>
						<SP ID="P16_SP00823" HPOS="2616" VPOS="3951" WIDTH="19"/>
						<String ID="P16_ST00968" HPOS="2635" VPOS="3902" WIDTH="157" HEIGHT="35" CONTENT="human" WC="0.99" CC="00007"/>
						<SP ID="P16_SP00824" HPOS="2792" VPOS="3951" WIDTH="20"/>
						<String ID="P16_ST00969" HPOS="2813" VPOS="3899" WIDTH="269" HEIGHT="50" CONTENT="dependence" WC="1.00" CC="0070000020"/>
					</TextLine>
				</TextBlock>
				<TextBlock ID="P16_TB00015" HPOS="148" VPOS="2430" WIDTH="1276" HEIGHT="764" language="en" STYLEREFS="TXT_6 PAR_LEFT">
					<TextLine ID="P16_TL00146" HPOS="192" VPOS="2513" WIDTH="605" HEIGHT="43">
						<String ID="P16_ST00970" HPOS="192" VPOS="2517" WIDTH="98" HEIGHT="39" CONTENT="First" WC="0.98" CC="10605" STYLEREFS="TXT_7"/>
						<SP ID="P16_SP00825" HPOS="290" VPOS="2556" WIDTH="17"/>
						<String ID="P16_ST00971" HPOS="307" VPOS="2517" WIDTH="102" HEIGHT="38" CONTENT="Year" WC="0.95" CC="6637" STYLEREFS="TXT_7"/>
						<SP ID="P16_SP00826" HPOS="409" VPOS="2556" WIDTH="16"/>
						<String ID="P16_ST00972" HPOS="425" VPOS="2518" WIDTH="46" HEIGHT="36" CONTENT="at" WC="0.78" CC="31" STYLEREFS="TXT_7"/>
						<SP ID="P16_SP00827" HPOS="471" VPOS="2556" WIDTH="19"/>
						<String ID="P16_ST00973" HPOS="490" VPOS="2517" WIDTH="157" HEIGHT="39" CONTENT="Brown:" WC="0.99" CC="006304" STYLEREFS="TXT_7"/>
						<SP ID="P16_SP00828" HPOS="647" VPOS="2556" WIDTH="24"/>
						<String ID="P16_ST00974" HPOS="671" VPOS="2513" WIDTH="126" HEIGHT="39" CONTENT="1992." WC="0.70" CC="50090" STYLEREFS="TXT_7"/>
					</TextLine>
					<TextLine ID="P16_TL00147" HPOS="192" VPOS="2573" WIDTH="1131" HEIGHT="54">
						<String ID="P16_ST00975" HPOS="192" VPOS="2580" WIDTH="254" HEIGHT="43" CONTENT="Education:" WC="0.99" CC="0400000465" STYLEREFS="TXT_7"/>
						<SP ID="P16_SP00829" HPOS="446" VPOS="2622" WIDTH="17"/>
						<String ID="P16_ST00976" HPOS="463" VPOS="2580" WIDTH="216" HEIGHT="47" CONTENT="Wellesley" WC="0.99" CC="060160070"/>
						<SP ID="P16_SP00830" HPOS="679" VPOS="2627" WIDTH="16"/>
						<String ID="P16_ST00977" HPOS="694" VPOS="2578" WIDTH="170" HEIGHT="49" CONTENT="College" WC="0.98" CC="6200076"/>
						<SP ID="P16_SP00831" HPOS="865" VPOS="2627" WIDTH="22"/>
						<String ID="P16_ST00978" HPOS="887" VPOS="2578" WIDTH="115" HEIGHT="47" CONTENT="(BA)," WC="0.99" CC="50030"/>
						<SP ID="P16_SP00832" HPOS="1002" VPOS="2627" WIDTH="19"/>
						<String ID="P16_ST00979" HPOS="1020" VPOS="2575" WIDTH="175" HEIGHT="39" CONTENT="Golden" WC="0.99" CC="340060"/>
						<SP ID="P16_SP00833" HPOS="1195" VPOS="2627" WIDTH="17"/>
						<String ID="P16_ST00980" HPOS="1213" VPOS="2573" WIDTH="110" HEIGHT="39" CONTENT="Gate" WC="0.98" CC="1207"/>
					</TextLine>
					<TextLine ID="P16_TL00148" HPOS="194" VPOS="2646" WIDTH="452" HEIGHT="50">
						<String ID="P16_ST00981" HPOS="194" VPOS="2647" WIDTH="154" HEIGHT="49" CONTENT="SchopJ" WC="0.72" CC="300074"/>
						<SP ID="P16_SP00834" HPOS="348" VPOS="2696" WIDTH="20"/>
						<String ID="P16_ST00982" HPOS="369" VPOS="2646" WIDTH="47" HEIGHT="39" CONTENT="of" WC="1.00" CC="00"/>
						<SP ID="P16_SP00835" HPOS="416" VPOS="2696" WIDTH="17"/>
						<String ID="P16_ST00983" HPOS="433" VPOS="2647" WIDTH="90" HEIGHT="38" CONTENT="Law" WC="0.99" CC="003"/>
						<SP ID="P16_SP00836" HPOS="523" VPOS="2696" WIDTH="20"/>
						<String ID="P16_ST00984" HPOS="543" VPOS="2646" WIDTH="102" HEIGHT="46" CONTENT="(JD)." WC="1.00" CC="00000"/>
					</TextLine>
					<TextLine ID="P16_TL00149" HPOS="191" VPOS="2704" WIDTH="1121" HEIGHT="52">
						<String ID="P16_ST00985" HPOS="191" VPOS="2713" WIDTH="145" HEIGHT="38" CONTENT="Works" WC="0.98" CC="64002" STYLEREFS="TXT_7"/>
						<SP ID="P16_SP00837" HPOS="335" VPOS="2751" WIDTH="22"/>
						<String ID="P16_ST00986" HPOS="357" VPOS="2710" WIDTH="189" HEIGHT="41" CONTENT="Include:" WC="0.99" CC="00012075" STYLEREFS="TXT_7"/>
						<SP ID="P16_SP00838" HPOS="546" VPOS="2751" WIDTH="19"/>
						<String ID="P16_ST00987" HPOS="565" VPOS="2709" WIDTH="159" HEIGHT="41" CONTENT="several" WC="0.99" CC="0007610"/>
						<SP ID="P16_SP00839" HPOS="724" VPOS="2751" WIDTH="20"/>
						<String ID="P16_ST00988" HPOS="745" VPOS="2707" WIDTH="195" HEIGHT="49" CONTENT='"briefing' WC="0.99" CC="360000007"/>
						<SP ID="P16_SP00840" HPOS="940" VPOS="2756" WIDTH="19"/>
						<String ID="P16_ST00989" HPOS="959" VPOS="2707" WIDTH="178" HEIGHT="47" CONTENT="papersâ€" WC="0.98" CC="3557008"/>
						<SP ID="P16_SP00841" HPOS="1137" VPOS="2756" WIDTH="19"/>
						<String ID="P16_ST00990" HPOS="1156" VPOS="2704" WIDTH="66" HEIGHT="39" CONTENT="for" WC="1.00" CC="100"/>
						<SP ID="P16_SP00842" HPOS="1222" VPOS="2756" WIDTH="16"/>
						<String ID="P16_ST00991" HPOS="1238" VPOS="2704" WIDTH="74" HEIGHT="39" CONTENT="the" WC="1.00" CC="000"/>
					</TextLine>
					<TextLine ID="P16_TL00150" HPOS="195" VPOS="2770" WIDTH="1156" HEIGHT="57">
						<String ID="P16_ST00992" HPOS="195" VPOS="2780" WIDTH="293" HEIGHT="47" CONTENT="Narragansett" WC="0.78" CC="350600000702"/>
						<SP ID="P16_SP00843" HPOS="488" VPOS="2827" WIDTH="17"/>
						<String ID="P16_ST00993" HPOS="506" VPOS="2778" WIDTH="76" HEIGHT="44" CONTENT="Bay" WC="1.00" CC="001"/>
						<SP ID="P16_SP00844" HPOS="581" VPOS="2827" WIDTH="19"/>
						<String ID="P16_ST00994" HPOS="600" VPOS="2775" WIDTH="162" HEIGHT="49" CONTENT="Project" WC="0.99" CC="4320030"/>
						<SP ID="P16_SP00845" HPOS="762" VPOS="2827" WIDTH="17"/>
						<String ID="P16_ST00995" HPOS="780" VPOS="2775" WIDTH="302" HEIGHT="47" CONTENT="Management" WC="1.00" CC="6000000000"/>
						<SP ID="P16_SP00846" HPOS="1082" VPOS="2827" WIDTH="17"/>
						<String ID="P16_ST00996" HPOS="1099" VPOS="2770" WIDTH="252" HEIGHT="39" CONTENT="Committee" WC="0.99" CC="500040050"/>
					</TextLine>
					<TextLine ID="P16_TL00151" HPOS="194" VPOS="2836" WIDTH="951" HEIGHT="52">
						<String ID="P16_ST00997" HPOS="194" VPOS="2844" WIDTH="186" HEIGHT="38" CONTENT="Courses" WC="1.00" CC="3030000" STYLEREFS="TXT_7"/>
						<SP ID="P16_SP00847" HPOS="380" VPOS="2882" WIDTH="17"/>
						<String ID="P16_ST00998" HPOS="397" VPOS="2841" WIDTH="157" HEIGHT="47" CONTENT="taught" WC="0.99" CC="040500" STYLEREFS="TXT_7"/>
						<SP ID="P16_SP00848" HPOS="554" VPOS="2888" WIDTH="20"/>
						<String ID="P16_ST00999" HPOS="575" VPOS="2839" WIDTH="194" HEIGHT="43" CONTENT="1995-96" WC="0.85" CC="0005040" STYLEREFS="TXT_7"/>
						<SP ID="P16_SP00849" HPOS="769" VPOS="2888" WIDTH="19"/>
						<String ID="P16_ST01000" HPOS="787" VPOS="2836" WIDTH="225" HEIGHT="41" CONTENT="academic" WC="0.99" CC="00307032" STYLEREFS="TXT_7"/>
						<SP ID="P16_SP00850" HPOS="1013" VPOS="2888" WIDTH="17"/>
						<String ID="P16_ST01001" HPOS="1030" VPOS="2844" WIDTH="115" HEIGHT="39" CONTENT="year:" WC="0.98" CC="06072" STYLEREFS="TXT_7"/>
					</TextLine>
					<TextLine ID="P16_TL00152" HPOS="197" VPOS="2904" WIDTH="567" HEIGHT="49">
						<String ID="P16_ST01002" HPOS="197" VPOS="2907" WIDTH="326" HEIGHT="39" CONTENT="Environmental" WC="1.00" CC="0000000060030"/>
						<SP ID="P16_SP00851" HPOS="523" VPOS="2946" WIDTH="20"/>
						<String ID="P16_ST01003" HPOS="543" VPOS="2904" WIDTH="220" HEIGHT="49" CONTENT="Principles" WC="1.00" CC="0000300060"/>
					</TextLine>
					<TextLine ID="P16_TL00153" HPOS="197" VPOS="2967" WIDTH="798" HEIGHT="46">
						<String ID="P16_ST01004" HPOS="197" VPOS="2972" WIDTH="231" HEIGHT="41" CONTENT="Formation" WC="1.00" CC="200900000"/>
						<SP ID="P16_SP00852" HPOS="428" VPOS="3013" WIDTH="19"/>
						<String ID="P16_ST01005" HPOS="447" VPOS="2970" WIDTH="47" HEIGHT="39" CONTENT="of" WC="0.85" CC="02"/>
						<SP ID="P16_SP00853" HPOS="494" VPOS="3013" WIDTH="17"/>
						<String ID="P16_ST01006" HPOS="512" VPOS="2969" WIDTH="329" HEIGHT="41" CONTENT="Environmental" WC="1.00" CC="0000010060375"/>
						<SP ID="P16_SP00854" HPOS="841" VPOS="3013" WIDTH="20"/>
						<String ID="P16_ST01007" HPOS="861" VPOS="2967" WIDTH="134" HEIGHT="46" CONTENT="Policy" WC="1.00" CC="000000"/>
					</TextLine>
					<TextLine ID="P16_TL00154" HPOS="198" VPOS="3030" WIDTH="1060" HEIGHT="52">
						<String ID="P16_ST01008" HPOS="198" VPOS="3039" WIDTH="110" HEIGHT="38" CONTENT="From" WC="1.00" CC="0000"/>
						<SP ID="P16_SP00855" HPOS="309" VPOS="3077" WIDTH="20"/>
						<String ID="P16_ST01009" HPOS="329" VPOS="3038" WIDTH="135" HEIGHT="38" CONTENT="Locke" WC="1.00" CC="00000"/>
						<SP ID="P16_SP00856" HPOS="465" VPOS="3077" WIDTH="17"/>
						<String ID="P16_ST01010" HPOS="482" VPOS="3038" WIDTH="52" HEIGHT="36" CONTENT="To" WC="1.00" CC="00"/>
						<SP ID="P16_SP00857" HPOS="534" VPOS="3077" WIDTH="20"/>
						<String ID="P16_ST01011" HPOS="554" VPOS="3036" WIDTH="123" HEIGHT="46" CONTENT="Deep" WC="0.98" CC="2070"/>
						<SP ID="P16_SP00858" HPOS="677" VPOS="3082" WIDTH="20"/>
						<String ID="P16_ST01012" HPOS="698" VPOS="3033" WIDTH="191" HEIGHT="49" CONTENT="Ecology:" WC="1.00" CC="00040005"/>
						<SP ID="P16_SP00859" HPOS="888" VPOS="3082" WIDTH="22"/>
						<String ID="P16_ST01013" HPOS="910" VPOS="3033" WIDTH="198" HEIGHT="47" CONTENT="Property" WC="1.00" CC="00106000"/>
						<SP ID="P16_SP00860" HPOS="1109" VPOS="3082" WIDTH="17"/>
						<String ID="P16_ST01014" HPOS="1126" VPOS="3030" WIDTH="132" HEIGHT="47" CONTENT="Rights" WC="0.99" CC="200040"/>
					</TextLine>
					<TextLine ID="P16_TL00155" HPOS="195" VPOS="3102" WIDTH="410" HEIGHT="40">
						<String ID="P16_ST01015" HPOS="195" VPOS="3104" WIDTH="96" HEIGHT="38" CONTENT="And" WC="1.00" CC="000"/>
						<SP ID="P16_SP00861" HPOS="291" VPOS="3142" WIDTH="20"/>
						<String ID="P16_ST01016" HPOS="312" VPOS="3102" WIDTH="293" HEIGHT="39" CONTENT="Environment" WC="1.00" CC="20000000004"/>
					</TextLine>
				</TextBlock>
				<TextBlock ID="P16_TB00016" HPOS="2792" VPOS="1343" WIDTH="265" HEIGHT="32" language="en" STYLEREFS="TXT_8 PAR_RIGHT">
					<TextLine ID="P16_TL00156" HPOS="2833" VPOS="1345" WIDTH="224" HEIGHT="30">
						<String ID="P16_ST01017" HPOS="2833" VPOS="1346" WIDTH="91" HEIGHT="28" CONTENT="ROSS" WC="0.99" CC="3200"/>
						<SP ID="P16_SP00862" HPOS="2924" VPOS="1375" WIDTH="14"/>
						<String ID="P16_ST01018" HPOS="2939" VPOS="1345" WIDTH="118" HEIGHT="28" CONTENT="KRIBBS" WC="0.70" CC="214530"/>
					</TextLine>
				</TextBlock>
				<TextBlock ID="P16_TB00017" HPOS="1573" VPOS="3972" WIDTH="115" HEIGHT="91" language="en" STYLEREFS="TXT_9 PAR_CENTER">
					<TextLine ID="P16_TL00157" HPOS="1573" VPOS="3972" WIDTH="115" HEIGHT="91">
						<String ID="P16_ST01019" HPOS="1573" VPOS="3972" WIDTH="115" HEIGHT="91" CONTENT="14" WC="1.00" CC="00"/>
					</TextLine>
				</TextBlock>
				<ComposedBlock ID="P16_CB00001" HPOS="2099" VPOS="16" WIDTH="975" HEIGHT="1321" STYLEREFS="TXT_10 PAR_LEFT" TYPE="Illustration">
					<GraphicalElement ID="P16_CB00001_SUB" HPOS="2099" VPOS="16" WIDTH="975" HEIGHT="1321"/>
				</ComposedBlock>
			</PrintSpace>
		</Page>
	</Layout>
</alto>
