3126 4141
2 117 11 61 ..
30 117 14 35 I
57 128 85 25 was
157 129 49 25 an
222 123 137 33 erratic
373 121 172 43 student,
562 128 39 31 to
616 134 71 38 say
701 124 65 35 the
781 124 107 36 least.
906 126 13 35 I
934 128 146 36 started
1098 134 38 30 at
1148 129 128 49 Colby
1291 132 79 36 and
1386 134 9 35 I

2 172 98 61 ided
117 178 36 33 at
169 175 132 50 Colby,
318 176 69 36 but
405 178 13 35 I
433 178 85 36 also
534 186 113 43 spent
665 183 93 35 time
773 186 39 31 at
828 183 184 50 Berkeley
1028 186 80 35 and
1124 197 112 25 some
1252 189 93 35 time
1362 194 33 31 at

31 230 134 44 John's
183 231 161 50 College
361 236 41 33 in
416 235 233 50 Annapolis,
666 238 224 49 Maryland.
906 239 35 35 A
956 239 54 36 lot
1027 241 43 36 of
1085 254 68 36 my
1170 244 181 50 teaching
1367 247 28 35 is

2 287 87 65 ised
106 299 54 25 on
176 288 47 36 St.
241 290 146 44 John's,
405 291 132 36 which
553 294 33 35 is
603 306 19 24 a
641 307 94 36 very
753 296 113 36 small
883 298 112 47 place
1013 299 132 36 where
1161 301 145 50 people
1318 304 77 47 just

6 342 71 38 ork
91 356 52 25 on
159 348 202 36 seminars.
378 348 121 38 There
513 361 65 25 are
592 362 52 24 no
658 351 164 36 lectures
839 353 79 36 and
934 356 145 47 people
1090 357 79 47 just
1183 359 91 36 read
1290 364 106 44 great

2 400 90 54 soks
104 402 79 36 and
197 408 65 44 get
276 405 178 49 together
468 406 79 36 and
561 406 79 36 talk
655 408 120 36 about
789 409 120 44 them,
924 413 77 35 and
1017 413 65 36 the
1096 413 175 38 teachers
1283 416 112 36 don't

2 458 33 58 ly
49 458 202 49 anything.
268 460 50 36 So
334 463 39 35 in
387 472 69 38 my
471 463 154 43 classes,
641 465 60 35 for
717 466 192 50 example,
924 469 39 35 in
980 469 110 43 PS11,
1106 469 65 38 the
1186 472 82 35 TAs
1283 472 112 36 don't

5 513 47 36 lk.
69 515 80 36 The
165 517 181 36 students
362 531 112 24 come
491 521 52 41 in,
561 521 91 47 they
666 524 49 33 sit
732 523 132 43 down,
882 524 79 35 and
978 524 65 36 the
1058 528 83 35 TAs
1159 528 68 35 ask
1243 540 22 24 a
1280 542 91 36 ques-

2 570 46 65 an
65 570 79 36 and
165 572 93 36 then
277 573 102 38 have
400 580 39 31 to
458 576 50 36 sit
528 576 107 36 there
654 576 239 50 sphinx-like
912 581 79 36 and
1013 586 69 33 not
1101 595 71 36 say
1191 586 202 49 anything,

2 628 41 60 ne
60 628 183 36 students
263 630 128 49 spend
411 631 65 36 the
496 631 101 38 hour
616 635 98 35 with
732 635 238 38 themselves
991 641 131 47 trying
1140 644 39 31 to
1198 641 110 36 solve
1328 643 66 36 the

2 682 137 65 ■oblem
148 683 121 39 based
282 699 54 24 on
345 688 98 36 their
454 690 169 49 reading.
635 690 91 36 And
739 691 91 36 then
841 704 54 24 on
904 693 65 36 the
978 694 192 38 weekend
1183 698 91 49 they
1282 701 112 33 write

2 743 11 55 i
27 751 115 38 essay
154 746 41 30 to
209 745 112 35 write
335 743 124 38 down
474 746 107 36 what
595 746 93 49 they
702 748 170 50 thought
888 751 120 35 about
1022 753 38 35 it.

3 824 9 8 .
30 795 101 50 Why
146 795 66 39 did
231 809 77 38 you
328 798 140 39 decide
485 805 43 33 to
546 802 167 38 become
732 814 20 25 a
772 803 217 49 professor?
1027 806 74 38 Did
1121 820 74 36 you
1216 814 151 33 contem-

2 855 63 35 ate
82 865 74 38 any
173 854 113 38 other
304 868 153 27 careers
474 857 118 50 along
606 858 68 39 the
691 863 104 46 way?

22 909 14 36 I
50 909 80 38 had
145 923 54 25 no
213 913 162 36 interest
387 918 39 33 at
441 915 50 36 all
507 917 39 35 in
562 917 183 50 teaching
761 931 19 22 a
795 918 79 36 few
888 932 115 36 years
1017 934 87 36 ago.
1120 923 110 36 Zero.
1246 924 63 35 All
1324 924 63 36 the

3 2732 35 58 re
52 2732 13 36 I
80 2743 85 25 was
183 2734 39 35 in
239 2735 194 49 graduate
447 2737 150 44 school,
614 2740 14 35 I
644 2751 121 25 never
781 2742 172 49 thought
969 2743 123 36 about
1107 2746 38 35 it.
1164 2746 14 35 I
1194 2746 173 38 avoided

3 2791 150 58 :oming
170 2803 22 24 a
211 2792 74 36 TA.
304 2794 65 36 All
387 2795 13 35 I
419 2795 162 36 wanted
602 2802 39 30 to
660 2795 66 44 do,
745 2798 80 36 and
846 2798 121 50 really
984 2802 109 36 what
1112 2803 14 35 I
1145 2802 91 38 love
1255 2808 39 31 to
1313 2803 54 38 do

3 2847 30 60 w
50 2849 80 41 too,
150 2847 31 35 is
195 2847 80 49 just
293 2849 94 36 read
469 2863 52 36 go
539 2855 41 33 to
595 2852 68 38 the
680 2854 145 50 library
843 2855 80 36 and
939 2857 115 36 work
1069 2869 55 25 on
1142 2871 68 36 my
1225 2860 109 36 stuff.
1353 2861 14 36 I

3 2913 54 38 oy
76 2913 69 38 my
162 2904 115 38 work
299 2917 109 25 more
428 2907 98 36 than
545 2909 194 50 teaching.
761 2912 14 35 I
792 2912 80 47 just
891 2912 91 38 love
1003 2918 39 33 to
1063 2915 113 36 work
1195 2928 55 24 on
1269 2917 98 36 stuff

3 2957 91 65 'self;
109 2970 44 25 so
165 2961 30 35 it
206 2972 112 27 came
332 2975 41 24 as
387 2965 109 47 quite
509 2976 22 24 a
543 2969 176 46 surprise
734 2972 38 31 to
786 2978 63 25 me
861 2969 120 36 when
995 2970 11 35 I
1020 2972 150 36 started
1183 2973 184 49 teaching

3 3014 76 58 ind
91 3016 85 38 that
187 3017 16 36 I
216 3020 170 47 enjoyed
398 3020 128 50 doing
539 3024 38 33 it.
591 3022 14 35 I
619 3022 170 50 thought
803 3024 61 38 for
876 3038 22 24 a
909 3027 121 38 while
1043 3028 85 36 that
1140 3030 13 35 I
1165 3030 200 36 wouldn't

20 3072 192 36 involved
230 3076 43 35 in
291 3076 217 44 academia,
526 3077 83 38 that
628 3080 13 35 I
657 3080 140 36 would
813 3082 80 49 just
910 3082 55 36 do
983 3083 113 36 work
1113 3096 54 25 on
1186 3098 68 36 my
1269 3099 96 24 own

3 3128 14 65 i
35 3128 124 50 study
175 3142 55 25 on
246 3142 71 39 my
332 3143 106 25 own.
457 3134 14 36 I
487 3134 82 38 had
587 3134 65 38 the
668 3139 106 35 view
791 3137 83 38 that
891 3139 31 36 if
937 3151 82 36 you
1036 3140 90 36 take
1143 3153 20 25 a
1181 3142 184 50 problem

3 3184 131 57 iously
146 3186 85 36 that
244 3200 82 38 you
340 3189 148 38 should
504 3191 145 39 devote
663 3205 102 36 your
778 3194 68 36 life
860 3198 41 33 to
913 3197 39 41 it,
969 3197 80 36 and
1061 3197 205 39 whatever
1280 3200 83 38 that

3 3247 79 38 ant,
98 3255 82 36 you
195 3244 148 38 should
357 3247 80 49 just
450 3247 57 36 do
523 3249 38 35 it.

5 3299 8 35 I
30 3296 120 39 heard
162 3298 85 39 that
261 3302 135 47 you're
411 3302 175 50 working
598 3317 50 25 on
665 3317 20 25 a
701 3306 104 36 book
820 3318 98 27 now.
932 3310 80 35 Can
1028 3321 76 38 you
1118 3309 181 41 describe
1313 3313 47 36 it?

3 3354 58 66 It's
74 3354 123 39 about
211 3357 191 52 diversity
416 3359 79 38 and
510 3364 118 47 unity,
643 3362 200 50 problems
857 3365 121 38 about
992 3367 167 36 cultural
1172 3369 191 52 diversity

3 3413 13 50 a
38 3413 148 49 society
205 3413 85 38 that
309 3414 71 38 has
400 3419 230 36 committed
652 3420 104 35 itself
775 3425 41 31 to
836 3422 197 38 universal
1055 3428 206 35 treatment
1282 3427 79 36 and

3 3468 61 63 ing
76 3472 41 31 to
128 3468 87 38 find
227 3482 112 38 ways
353 3472 77 36 and
444 3480 186 44 concepts
641 3480 41 31 to
694 3476 178 39 describe
882 3479 94 38 how
989 3480 66 36 the
1066 3485 82 31 two
1161 3482 200 49 problems

3 3524 101 61 jract.
121 3524 66 36 We
203 3537 65 25 are
283 3539 22 24 a
321 3540 96 36 very
431 3529 208 50 culturally
657 3532 156 36 diverse
827 3535 159 49 society;
1002 3542 65 44 yet
1080 3550 63 24 we
1159 3550 63 25 are
1239 3539 83 38 also
1339 3551 20 25 a

5 3584 85 46 tary
106 3584 154 47 society,
280 3595 20 25 a
320 3586 146 49 society
485 3586 115 38 that's
619 3591 228 36 committed
866 3595 43 31 to
926 3594 198 36 universal
1142 3598 217 41 treatment;

3 3636 52 52 it's
74 3636 98 36 hard
189 3643 41 31 to
247 3638 121 38 know
387 3641 107 38 what
512 3644 197 36 universal
728 3649 206 35 treatment
951 3660 137 25 means
1106 3652 41 33 in
1164 3663 20 24 a
1203 3650 156 38 diverse

3 3693 79 65 iety.
101 3693 65 36 On
180 3694 68 36 the
261 3696 189 38 technical
466 3699 98 43 side,
580 3699 71 36 I'm
665 3713 96 38 very
776 3704 209 36 interested
1002 3707 39 35 in
1057 3706 66 36 the
1137 3713 165 44 concept
1317 3709 44 36 of

3 3750 61 63 ice
74 3750 131 36 which
216 3751 33 36 is
258 3751 194 52 probably
461 3767 76 24 one
550 3756 41 36 of
600 3756 65 38 the
676 3759 107 36 main
794 3765 184 44 concepts
987 3761 83 36 that
1080 3762 277 50 philosophers

3 3803 6 65 :
22 3803 121 39 about
154 3817 101 27 now.
269 3809 72 36 I'm
353 3822 96 38 very
461 3811 186 50 skeptical
661 3813 44 36 of
712 3814 137 49 justice
863 3828 41 24 as
918 3828 19 25 a
951 3824 175 44 concept.
1142 3820 13 35 I
1167 3820 112 36 think
1291 3820 66 38 the

3 3861 61 61 ice
74 3865 150 44 system
235 3869 85 43 gets
329 3877 93 38 way
431 3871 68 31 too
510 3868 120 36 much
639 3880 112 36 press
761 3871 80 36 and
852 3883 96 38 way,
961 3885 96 38 way,
1068 3885 79 38 way
1159 3880 65 31 too
1236 3877 120 36 much

1466 134 104 47 good
1581 145 118 38 press.
1712 135 14 35 I
1737 135 109 36 think
1857 137 60 36 it's
1926 151 22 24 a
1961 142 66 35 mis-

1466 189 87 36 take
1567 195 38 31 to
1617 191 110 36 think
1740 203 44 25 so
1795 195 121 35 much
1928 195 121 36 about

1463 246 167 47 justice,
1657 252 43 31 to
1726 261 93 24 care
1846 261 47 25 so
1920 252 128 36 much

1465 302 121 38 about
1598 307 38 33 it.

1465 359 54 44 Q.
1561 359 153 39 Before
1756 364 165 44 Brown,
1962 376 83 31 you

1463 416 132 49 taught
1613 422 39 33 at
1669 419 191 38 Stanford.
1882 424 99 35 How
1997 420 54 39 do
2071 427 135 36 Brown
2224 427 178 39 students
2419 441 187 39 compare
2622 436 43 35 to
2682 435 180 38 Stanford

1463 472 194 38 students?

1461 531 46 35 A.
1526 531 79 36 The
1622 534 180 35 students
1820 546 61 24 are
1901 548 94 38 very
2013 537 194 46 different,
2222 542 72 35 but
2312 554 94 38 very
2424 545 156 36 similar.
2595 546 54 38 At
2665 548 194 46 Stanford,

1461 586 91 49 they
1570 586 50 36 all
1639 587 90 38 look
1748 589 65 38 the
1830 603 121 31 same,
1969 592 71 38 but
2058 595 146 49 they're
2222 603 79 30 not.
2321 598 109 49 They
2447 602 96 36 tend
2561 606 41 31 to
2617 603 50 36 be
2683 603 156 39 six-foot-

1461 647 79 31 two
1554 644 96 36 with
1665 646 123 36 blond
1803 647 83 36 hair
1902 649 79 36 and
1997 649 66 38 the
2076 652 159 38 whitest
2247 655 142 36 T-shirt
2403 668 83 38 you
2501 669 93 25 ever
2606 671 83 25 saw
2706 661 39 36 in
2759 672 99 39 your

1460 699 76 36 life.
1551 699 50 36 At
1619 701 150 44 Brown,
1784 704 143 49 people
1943 717 63 25 are
2022 707 121 36 much
2157 721 109 25 more
2282 712 317 54 weird-looking.
2614 717 52 36 So
2680 717 142 39 there's
2836 731 20 25 a

1458 756 68 49 big
1542 757 209 38 difference
1769 762 39 33 in
1824 761 66 36 the
1906 765 220 47 wrapping,
2143 765 71 38 but
2231 767 66 36 the
2313 769 131 50 candy
2460 772 33 35 is
2509 783 96 38 very
2620 773 156 38 similar.
2792 775 66 38 On

1458 813 65 35 the
1540 813 137 44 inside,
1694 817 28 33 it
1739 828 17 24 s
1772 816 66 36 the
1854 830 109 25 same
1978 819 96 36 kind
2091 820 44 36 of
2150 825 202 47 creativity
2367 825 80 38 and
2465 830 206 47 surprises;
2687 841 46 25 so
2748 830 91 38 intel-

1458 868 186 52 lectually,
1660 872 14 35 I
1688 872 110 36 think
1813 872 93 52 they
1918 874 104 38 have
2035 877 148 38 similar
2197 879 164 39 abilities
2378 882 79 38 and
2472 883 150 38 similar
2635 885 220 39 directions.

1457 924 79 36 The
1553 926 180 38 Stanford
1750 928 88 38 kids
1854 942 101 38 gave
1970 943 63 25 me
2050 945 50 24 an
2117 935 216 50 incredibly
2346 937 101 38 hard
2463 942 96 35 time
2573 942 120 36 when
2709 942 14 36 I
2737 943 120 38 made

2008 992 66 35 the
2087 1003 118 27 move
2219 997 39 33 to
2274 995 150 36 Brown.
2439 995 109 52 They
2561 998 98 44 said,
2805 1002 50 36 all

2009 1047 146 36 Brown
2178 1049 192 39 students
2392 1065 115 25 wear
2528 1054 135 52 funny
2683 1055 173 52 looking

2006 1102 123 46 hats/'
2148 1107 79 35 and
2244 1107 93 50 they
2353 1120 102 39 gave
2472 1121 65 27 me
2553 1110 77 39 this
2647 1113 123 38 weird
2787 1113 68 39 hat

2006 1172 46 25 so
2066 1161 82 38 that
2162 1162 57 38 I'd
2235 1162 44 38 fit
2291 1165 43 36 in
2346 1165 102 38 here.

2005 1219 52 44 Q.
2071 1217 140 38 Whom
2224 1219 52 38 do
2290 1233 76 36 you
2380 1228 102 33 most
2494 1222 148 41 admire
2655 1225 76 39 and
2743 1227 107 50 why?

2005 1274 46 35 A.
2069 1274 82 38 You
2169 1288 71 25 can
2258 1277 112 38 think
2387 1280 121 36 about
2526 1282 28 35 it
2572 1293 41 25 as
2631 1294 22 25 a
2671 1283 181 50 multiple

2005 1331 131 38 choice
2148 1337 82 33 test.
2244 1334 31 36 If
2283 1346 80 38 you
2375 1337 120 38 could
2506 1337 145 39 choose
2660 1351 88 35 one,
2757 1342 94 38 who

2005 1389 131 36 could
2162 1392 30 35 it
2217 1391 76 38 be?
2320 1392 128 38 Some
2472 1395 159 50 people
2657 1408 79 39 say
2761 1397 90 39 that

2003 1447 230 49 everyone's
2249 1455 109 43 great
2373 1452 39 35 in
2430 1450 99 38 their
2545 1465 94 25 own
2654 1465 96 41 way.
2767 1455 82 36 Fair

2003 1502 172 49 enough,
2189 1504 117 38 that's
2318 1507 197 50 probably
2526 1513 98 39 true,
2636 1509 72 39 but
2720 1510 128 41 who's

2002 1559 65 36 the
2085 1562 183 47 greatest?
2282 1562 192 39 Aristotle.
2494 1565 93 38 He's
2605 1567 66 36 the
2687 1573 162 44 greatest

2000 1627 145 38 person
2162 1617 94 38 who
2276 1630 91 25 ever
2387 1620 117 44 lived,
2523 1620 55 52 by
2595 1622 63 38 far.
2682 1624 165 41 Because

2000 1672 85 36 he's
2109 1687 19 24 a
2151 1687 150 38 person
2320 1677 96 38 who
2436 1677 324 55 fundamentally
2780 1682 44 38 be-

1998 1729 128 38 lieved
2140 1731 82 38 that
2233 1734 109 36 what
2354 1735 28 36 it
2395 1746 137 27 means
2546 1742 41 33 to
2598 1737 49 39 be
2661 1750 22 27 a
2698 1737 150 39 human

1998 1787 31 35 is
2039 1792 39 31 to
2088 1787 68 38 ask
2165 1792 195 46 questions
2370 1792 77 38 and
2457 1797 43 33 to
2507 1794 90 38 seek
2605 1795 239 52 knowledge.

1997 1844 112 38 More
2120 1846 93 36 than
2222 1858 154 39 anyone
2387 1850 41 35 in
2438 1849 153 52 history,
2602 1850 50 39 he
2661 1857 113 46 spent
2784 1852 60 39 his

1997 1902 93 36 time
2101 1906 128 47 trying
2239 1909 39 33 to
2291 1904 83 38 find
2387 1910 69 33 out
2469 1907 139 52 things.
2622 1909 61 39 He
2693 1921 85 27 was
2787 1912 38 36 in-

1995 1959 162 36 terested
2167 1961 39 36 in
2214 1959 65 39 the
2287 1961 96 39 hard
2392 1965 178 44 sciences,
2578 1965 66 38 the
2652 1967 115 38 social
2775 1969 52 36 sci-

1995 2027 129 33 ences,
2146 2017 66 38 the
2231 2017 257 39 humanities.
2510 2022 63 36 He
2595 2022 120 39 made
2734 2030 109 44 great

1995 2072 123 36 truths
2139 2074 39 35 in
2194 2074 76 49 just
2288 2088 20 24 a
2328 2074 106 52 huge
2452 2090 118 38 range
2587 2079 44 38 of
2647 2080 195 39 academic

1995 2128 121 39 fields.
2132 2131 60 36 He
2205 2143 83 25 was
2301 2137 68 31 not
2380 2145 156 27 narrow
2546 2135 162 39 minded
2723 2137 118 39 about

1992 2186 109 36 what
2113 2192 79 31 sort
2205 2187 43 36 of
2260 2187 93 39 field
2367 2189 50 38 he
2431 2189 145 41 should
2589 2192 112 38 work
2713 2195 50 35 in.
2778 2195 63 36 He

1992 2243 161 38 worked
2170 2249 39 33 at
2225 2257 118 39 every
2357 2247 104 36 field.
2480 2249 63 36 He
2556 2247 203 43 betrothed
2776 2250 63 39 the

1992 2301 151 36 ancient
2161 2302 124 36 world
2307 2302 74 38 like
2398 2317 24 25 a
2439 2306 187 46 colossus,
2646 2318 43 25 as
2706 2318 76 28 one
2798 2307 44 39 of

1992 2356 107 38 these
2112 2369 101 39 guys
2225 2359 83 36 said
2324 2359 120 38 about
2457 2361 83 38 him
2551 2362 98 38 back
2660 2364 102 38 then.
2778 2367 61 36 He

1989 2424 85 25 was
2082 2413 66 38 the
2157 2420 162 44 greatest
2329 2428 93 25 man
2430 2417 96 38 who
2535 2430 90 25 ever
2633 2420 117 44 lived,
2759 2420 79 38 and

1991 2469 112 38 that's
2117 2471 94 50 why
2222 2472 14 35 I
2250 2472 146 38 admire
2409 2472 94 39 him.

1991 2526 49 44 Q.
2058 2524 142 41 Where
2217 2526 96 41 does
2332 2529 309 52 undergraduate
2657 2532 181 54 teaching

1987 2581 65 39 fall
2066 2595 50 25 on
2129 2595 96 38 your
2236 2591 195 44 spectrum
2446 2586 44 39 of
2499 2587 250 50 professional
2762 2592 57 49 pri-

1987 2638 131 39 orities
2134 2639 76 39 and
2227 2641 107 50 why?

1987 2698 46 36 A.
2055 2699 153 38 During
2224 2699 68 38 the
2307 2707 197 30 semester,
2521 2704 183 33 teaching
2720 2707 33 30 is
2769 2707 58 30 #l.

2139 2737 68 13 **‘(j
2307 2737 195 9 uvilivoivi/
2524 2737 176 17 IC-RVIIUIg
2769 2737 57 5 TrX.

1438 2748 71 36 But
1518 2750 41 35 in
1570 2750 290 38 consideration
1871 2751 44 36 of
1924 2751 65 38 the
2000 2753 132 38 whole
2143 2756 124 49 shape
2279 2757 44 36 of
2332 2769 69 39 my
2413 2759 66 36 life
2491 2759 79 38 and
2581 2761 110 38 what
2701 2762 16 36 I
2726 2769 109 31 want

1435 2808 39 31 to
1490 2806 239 49 accomplish
1743 2806 52 50 by
1809 2808 65 38 the
1890 2809 90 44 end,
1995 2822 69 38 my
2077 2813 112 36 work
2205 2814 33 35 is
2252 2813 58 38 far
2324 2827 110 25 more
2447 2817 227 49 important.
2690 2819 14 36 I
2718 2820 115 50 enjoy

1435 2861 178 50 teaching
1630 2874 96 38 very
1743 2865 131 35 much.
1893 2865 117 38 What
2027 2868 14 35 I
2058 2879 74 25 can
2150 2874 183 33 construe
2351 2871 102 36 from
2471 2872 183 52 teaching
2669 2874 80 38 and
2769 2874 65 39 the

1433 2929 90 38 way
1535 2918 82 36 that
1628 2920 14 35 I
1657 2920 121 44 teach,
1791 2926 80 33 sort
1882 2923 44 36 of
1935 2924 187 50 standing
2135 2931 69 31 out
2216 2926 44 36 of
2269 2926 66 38 the
2346 2940 99 36 way,
2457 2931 35 36 is
2502 2929 85 38 that
2597 2931 16 36 I
2624 2931 109 38 learn
2743 2942 22 27 a
2778 2932 55 38 lot

1433 2973 102 38 from
1550 2986 66 38 my
1630 2976 192 36 students.
1838 2976 13 36 I
1865 2983 61 46 try
1940 2984 41 31 to
1995 2978 106 39 hook
2117 2994 54 36 up
2187 2983 131 49 things
2334 2984 83 36 that
2430 2986 14 35 I
2458 2986 72 36 ask
2543 2986 110 38 them
2665 2991 43 33 to
2720 2986 112 39 think

1433 3030 120 38 about
1565 3031 98 36 with
1676 3033 107 38 what
1795 3035 16 36 I
1824 3047 68 24 am
1902 3035 183 52 thinking
2099 3038 121 38 about
2233 3039 80 38 and
2328 3043 28 35 it
2370 3041 137 38 makes
2521 3044 28 36 it
2562 3055 112 27 more
2685 3044 74 38 fun
2770 3044 61 38 for

1431 3087 120 44 them,
1561 3088 72 36 but
1646 3090 27 35 it
1683 3090 85 36 also
1778 3090 113 50 helps
1906 3104 65 24 me
1981 3091 55 38 do
2047 3106 68 36 my
2126 3096 187 36 research.
2328 3098 74 36 But
2413 3098 109 36 what
2532 3099 14 35 I
2556 3104 110 33 want
2677 3106 41 31 to
2728 3099 102 39 have

1431 3145 291 50 accomplished
1740 3146 54 49 by
1809 3146 66 38 the
1891 3150 79 36 end
1989 3150 44 36 of
2047 3161 69 39 my
2134 3151 65 38 life
2216 3153 33 36 is
2266 3164 22 25 a
2306 3153 143 50 couple
2465 3154 44 38 of
2523 3154 128 39 books
2666 3156 87 39 that
2765 3169 65 27 are

1430 3202 238 50 interesting,
1682 3214 113 25 some
1808 3203 110 38 ideas
1932 3205 83 38 that
2030 3206 143 50 people
2187 3208 113 38 think
2313 3209 134 46 about,
2461 3222 69 39 my
2543 3224 96 25 own
2650 3213 120 38 ideas.

1430 3257 50 44 Q.
1499 3258 96 36 How
1609 3257 52 38 do
1676 3271 76 36 you
1767 3258 165 41 balance
1945 3261 183 52 teaching
2140 3265 93 38 with
2247 3265 69 38 the
2329 3265 113 39 other
2457 3266 191 41 demands
2660 3268 44 39 of
2715 3268 115 54 being

1430 3324 22 25 a
1465 3312 197 49 professor
1674 3326 44 25 or
1731 3317 91 36 with
1836 3317 68 38 the
1917 3317 191 41 demands
2120 3320 44 38 of
2173 3332 22 25 a
2209 3321 180 47 personal
2405 3323 79 46 life,
2498 3323 61 38 for
2570 3323 85 39 that
2666 3328 161 36 matter?

1430 3370 44 35 A.
1491 3370 129 38 That's
1638 3372 107 38 hard.
1762 3375 14 35 I
1791 3373 102 38 have
1909 3386 22 27 a
1946 3375 80 38 five
2043 3376 140 38 month
2195 3378 69 38 old
2282 3378 79 39 kid.
2378 3381 14 36 I
2408 3380 102 39 have
2526 3381 121 39 about
2660 3384 74 36 250
2746 3387 61 35 stu-

1430 3427 124 44 dents,
1569 3428 79 36 and
1660 3430 131 50 things
1805 3441 109 27 seem
1926 3436 39 33 to
1978 3433 192 50 multiply.
2183 3435 200 38 Problems
2395 3438 165 38 become
2572 3450 227 28 numerous.
2813 3441 14 38 I

1428 3488 60 44 try
1501 3490 41 30 to
1554 3483 87 38 take
1655 3498 118 38 every
1786 3488 192 50 Saturday
1992 3501 46 24 or
2049 3496 87 44 part
2148 3490 44 38 of
2203 3504 120 38 every
2335 3493 194 52 Saturday
2542 3496 58 38 off
2671 3498 157 50 usually

1428 3542 39 35 in
1483 3540 66 36 the
1565 3543 195 49 morning,
1778 3548 60 46 try
1854 3548 39 31 to
1909 3550 61 31 set
1984 3557 113 25 some
2113 3550 94 36 time
2222 3550 121 36 when
2356 3551 115 49 Amy,
2487 3562 69 39 my
2570 3551 104 46 wife,
2688 3551 137 41 knows

1427 3595 80 38 that
1520 3597 69 36 I'm
1603 3603 68 31 not
1683 3602 120 47 going
1816 3605 39 31 to
1868 3600 50 38 be
1932 3602 121 50 doing
2066 3614 77 39 any
2156 3605 110 36 work
2280 3617 46 25 or
2339 3609 200 49 accepting
2551 3608 131 50 phone
2694 3609 101 39 calls.
2811 3611 14 36 I

1427 3655 57 46 try
1499 3657 38 33 to
1551 3658 61 44 get
1627 3655 80 35 that
1721 3655 77 49 day
1813 3655 57 36 off
1882 3657 77 36 and
1973 3657 93 38 then
2079 3660 110 36 work
2203 3661 49 36 all
2266 3661 65 38 the
2343 3668 77 31 rest
2431 3663 44 36 of
2487 3665 65 36 the
2564 3666 102 36 time.
2682 3666 61 38 It's
2757 3672 68 31 not

1425 3720 91 39 easy
1529 3715 41 30 to
1583 3710 65 43 do,
1661 3712 79 36 and
1754 3713 58 35 it's
1828 3713 220 52 something
2063 3717 80 36 that
2157 3717 71 36 I'm
2239 3723 69 31 not
2321 3731 96 38 very
2430 3720 106 49 good
2551 3726 47 33 at.
2613 3723 16 36 I
2641 3734 54 38 go
2707 3726 41 33 to
2761 3723 63 38 the

1424 3776 120 25 ocean
1554 3767 76 36 and
1641 3769 102 35 walk
1754 3780 54 24 on
1817 3769 65 36 the
1891 3769 121 38 beach
2022 3772 96 36 with
2129 3784 68 38 my
2205 3773 93 38 wife
2309 3775 79 38 and
2398 3787 68 39 my
2477 3776 77 36 kid.
2565 3776 126 39 When
2701 3791 61 27 we
2772 3791 52 39 go

1424 3820 58 36 for
1494 3835 74 24 our
1578 3824 123 36 walks
1715 3836 52 25 on
1781 3825 65 38 the
1857 3825 132 46 beach,
2005 3839 68 38 my
2083 3830 91 36 wife
2189 3830 77 38 and
2282 3831 14 36 I
2309 3831 79 38 talk
2402 3831 120 39 about
2534 3835 106 38 what
2652 3836 16 36 I
2680 3835 142 39 should

1424 3877 52 38 do
1490 3880 39 33 in
1543 3890 68 38 my
1622 3890 156 27 courses
1850 3883 115 47 again
1978 3882 79 38 and
2072 3887 113 47 again
2198 3887 79 36 and
2291 3890 126 47 again,
2430 3890 106 49 Amy
2546 3890 71 38 has
2630 3891 118 49 given
2761 3904 63 27 me

1422 3934 235 50 techniques,
1671 3935 77 38 and
1761 3937 137 49 taught
1909 3951 76 30 me,
1997 3943 77 33 too.

239 3948 2 57 fERVIEW
239 3951 65 47 By
320 3954 162 47 ANNE
506 3956 255 49 HOLINKA

1680 2661 90 28 ROSS
1786 2663 118 27 KRIBBS

1391 4047 118 87 19

2246 189 277 50 TEACHING
2543 195 68 44 AT
2630 195 213 47 BROWN:

2208 254 661 80 CONVERSATIONS
