3126 4141
52 173 146 49 faculty
208 178 39 31 to
258 175 112 35 work
381 175 178 49 together
570 181 38 30 to
620 178 180 47 improve
811 189 170 24 courses.

50 228 80 36 The
151 233 258 46 opportunity
431 230 58 36 for
512 231 145 49 faculty
677 236 39 31 to
737 236 63 44 get
820 233 161 36 student

52 285 198 44 feedback,
261 288 161 35 student
433 288 293 43 contributions,
739 288 113 36 that's
865 290 117 49 really

50 342 183 36 valuable
249 348 38 30 to
302 343 65 35 the
381 343 153 49 faculty.

110 400 35 35 A
165 400 57 35 lot
244 400 44 35 of
310 411 90 24 new
425 400 139 50 things
587 413 65 24 are
677 402 241 50 happening
940 405 41 33 in

52 454 181 50 teaching
254 455 128 50 today.
405 457 170 36 Because
595 457 44 38 of
658 457 77 38 this
756 460 165 47 critique
940 458 41 38 of

50 510 139 50 higher
198 512 222 44 education,
433 513 142 50 people
587 526 63 24 are
660 517 121 47 going
791 515 99 36 back
902 515 77 36 and

52 567 161 50 looking
233 573 36 30 at
290 569 66 35 the
375 570 216 36 50-minute
611 570 115 36 block
746 583 44 24 or
809 572 66 36 the
896 573 85 35 120-

52 627 154 33 minute
225 625 131 43 block,
378 627 134 35 which
534 628 31 33 is
589 633 69 28 not
680 639 20 22 a
723 628 258 49 particularly

50 680 132 36 elastic
198 693 44 24 or
258 685 214 46 expansive
487 683 124 47 object
690 685 46 35 50
753 687 172 35 minutes
940 690 41 31 to

52 737 79 36 talk
151 742 39 33 to
213 739 202 36 students?
438 740 102 35 How
564 740 52 36 do
638 753 80 36 you
740 740 80 36 talk
841 746 39 31 to
902 746 60 31 stu-

52 794 134 36 dents?
198 794 102 43 Well,
313 795 83 36 first
408 795 43 36 of
460 797 60 43 all,
532 797 69 36 talk
613 802 38 31 to
663 798 191 43 students,
866 798 113 36 that's

50 852 157 49 already
225 865 20 24 a
263 854 142 49 tip-off.
425 854 60 36 Do
502 866 61 24 we
578 860 109 31 want
704 855 77 36 talk
798 861 52 36 to,
868 868 44 25 or
928 857 54 36 do

50 913 106 31 went
169 913 39 31 to
220 909 79 36 talk
310 910 98 36 with
419 912 194 43 students,
625 923 44 25 or
682 913 54 35 do
746 924 63 24 we
820 918 109 30 want
940 918 41 31 to

50 965 113 36 listen
175 972 39 30 to
225 967 202 36 students?
439 969 121 36 There
573 981 60 24 are
646 983 110 35 ways
767 970 43 36 of
819 975 142 31 restruc-

50 1025 131 47 turing
200 1024 66 36 the
285 1024 214 38 classroom
518 1028 239 47 experience.
778 1027 82 36 You
879 1027 101 36 have

50 1080 63 36 the
124 1083 266 35 transmission
402 1083 132 36 model
545 1083 41 36 of
595 1083 244 50 knowledge,
850 1085 129 36 where

50 1148 68 38 my
135 1139 142 36 lectern
294 1140 31 35 is
342 1140 135 35 bolted
496 1145 39 30 to
553 1140 63 36 the
633 1140 109 43 floor,
761 1154 99 36 your
877 1148 102 30 seats

50 1206 61 24 are
124 1195 203 36 cemented
342 1200 39 33 to
392 1195 109 44 floor,
512 1209 80 36 you
603 1198 102 36 can't
717 1209 65 25 see
794 1200 186 49 anybody

49 1252 71 36 but
131 1263 65 25 me
208 1254 77 35 and
299 1254 65 35 the
373 1254 99 35 back
485 1254 43 36 of
539 1254 65 36 the
614 1266 146 38 person
773 1258 39 33 in
825 1255 102 36 front
939 1257 43 35 of

50 1320 90 38 you,
154 1309 76 36 and
243 1321 82 36 you
334 1310 124 36 better
468 1313 112 35 write
591 1312 121 36 down
723 1323 120 39 every
852 1313 128 35 clever

50 1365 112 49 thing
175 1365 13 35 I
202 1376 71 38 say
285 1365 169 38 because
468 1380 80 36 you
562 1373 107 30 want
685 1373 39 31 to
739 1375 65 43 get
817 1381 50 24 an
879 1370 35 35 A
926 1383 52 24 on

50 1420 65 38 the
137 1435 123 24 exam.
283 1424 98 36 That
402 1425 132 36 works
556 1436 96 38 very
672 1427 91 35 well
786 1427 60 35 for
868 1438 110 24 some

50 1490 200 38 purposes.
265 1480 72 35 But
346 1480 104 36 there
463 1493 61 24 are
537 1482 128 49 things
677 1482 74 36 like
762 1494 124 36 group
901 1483 76 36 and

50 1535 276 36 collaborative
345 1537 176 50 learning
540 1539 118 49 styles
677 1540 82 35 that
778 1540 143 49 people
940 1545 38 31 at

50 1592 146 36 Brown
222 1605 65 24 are
312 1597 178 47 starting
513 1600 41 31 to
580 1598 260 46 experiment
861 1597 113 36 with.

49 1649 129 38 That's
192 1661 76 25 one
282 1652 180 49 example
477 1654 43 35 of
532 1654 65 35 the
611 1654 117 36 kinds
742 1654 43 36 of
798 1654 180 50 teaching

49 1709 197 47 strategies
258 1707 80 36 that
350 1721 63 24 are
422 1709 118 49 being
551 1710 228 36 considered
792 1710 162 50 through-

49 1769 69 31 out
131 1764 66 36 the
211 1770 170 44 country.
400 1765 139 36 Brown
556 1767 219 50 absolutely
791 1769 69 36 has
876 1775 39 30 to
929 1769 47 36 be

49 1825 88 44 part
157 1820 43 36 of
222 1820 83 36 that
329 1827 293 33 conversation.
647 1825 216 49 Exploring
885 1836 90 25 new

49 1877 178 49 teaching
246 1879 118 49 styles
383 1879 82 36 will
485 1885 68 31 not
572 1880 93 49 only
683 1880 91 50 help
795 1882 180 36 students

49 1932 106 36 learn
172 1934 131 43 better,
321 1935 71 36 but
413 1937 13 35 I
446 1937 110 35 think
575 1937 80 36 will
677 1937 82 36 also
780 1939 197 36 revitalize

49 1991 63 36 the
128 1991 150 49 faculty.

106 2047 124 36 When
241 2049 195 36 President
447 2050 211 49 Gregorian
669 2063 80 25 was
762 2054 192 35 interview-

49 2106 65 47 ing
128 2115 63 25 me
206 2106 58 35 for
277 2106 66 35 the
356 2106 61 49 job
433 2107 79 35 and
528 2120 82 24 was
625 2109 139 49 asking
778 2121 65 24 me
855 2109 120 36 about

49 2172 65 38 my
131 2161 165 49 agenda,
315 2162 13 35 I
346 2162 80 36 told
446 2164 83 35 him
546 2164 65 36 the
628 2164 187 36 foremost
833 2170 85 44 part
934 2165 41 36 of

47 2228 66 38 my
131 2217 153 49 agenda
301 2220 31 33 is
350 2219 66 36 the
433 2220 214 50 following:
680 2222 156 49 Faculty
854 2235 90 24 mem-

46 2272 88 38 bers
153 2287 61 24 are
231 2287 96 38 very
345 2276 74 36 self
436 2288 128 25 aware
581 2277 43 36 of
639 2279 99 35 their
756 2290 91 24 own
866 2279 90 36 intel-

47 2331 334 38 lectual-research
402 2335 206 47 trajectory.
631 2335 71 36 But
721 2348 94 36 very
838 2335 74 36 few
934 2337 41 36 of

47 2400 57 30 us,
123 2387 146 50 having
288 2389 224 50 developed
531 2392 104 49 good
657 2392 181 50 teaching
854 2392 120 44 skills,

46 2457 91 24 ever
154 2447 131 35 revisit
302 2446 113 38 those
433 2449 118 36 skills.
572 2450 87 35 Few
677 2450 43 36 of
737 2461 44 25 us
800 2461 93 25 ever
909 2461 65 25 see

46 2513 72 24 our
137 2502 180 49 teaching
335 2515 43 25 as
397 2504 118 50 being
535 2507 38 33 in
591 2518 170 36 process,
781 2518 43 24 as
843 2507 110 36 devel-

46 2561 132 47 oping,
195 2572 41 24 as
252 2562 121 47 going
389 2562 255 38 somewhere.
661 2564 87 36 Few
764 2564 44 36 of
822 2575 46 25 us
883 2576 90 24 ever

46 2627 50 38 go
112 2616 96 36 back
225 2617 79 36 and
321 2619 222 49 constantly
561 2619 90 36 look
668 2625 39 30 at
723 2620 91 36 how
831 2633 63 24 we
910 2633 63 24 are

46 2672 180 50 teaching
241 2674 102 36 from
359 2688 50 24 an
425 2677 235 36 intellectual
679 2679 112 47 point
806 2679 43 35 of
861 2680 109 33 view.

46 2731 65 35 We
129 2742 63 24 are
213 2731 277 50 intellectually
510 2734 180 49 engaged
710 2735 96 35 with
825 2746 74 25 our
920 2748 35 24 re-

44 2787 148 43 search;
214 2800 63 24 we
301 2789 83 36 also
406 2791 104 36 have
529 2791 50 36 be
602 2792 283 49 intellectually
906 2805 44 24 en-

46 2844 124 47 gaged
181 2844 96 35 with
290 2857 74 24 our
373 2846 189 50 teaching.
573 2847 91 36 And
677 2847 65 36 the
753 2854 129 31 extent
893 2849 80 36 that

46 2901 318 38 administration
384 2915 72 25 can
479 2904 99 36 offer
598 2907 293 47 opportunities
912 2906 61 36 for

46 2956 145 50 faculty
205 2962 39 30 to
260 2970 50 36 go
326 2957 99 36 back
441 2961 77 35 and
535 2961 91 36 look
643 2965 36 31 at
694 2962 91 35 how
802 2962 93 49 they
910 2975 63 24 are

44 3014 181 49 teaching
310 3016 115 36 that's
447 3017 65 36 the
529 3017 87 36 best
635 3017 126 50 single
781 3019 110 50 thing
910 3031 63 24 we

44 3080 71 25 can
131 3071 63 35 do.

44 3128 50 43 Q.
112 3129 104 33 Does
233 3129 137 35 Brown
389 3128 79 49 rely
482 3134 68 31 too
565 3129 151 50 heavily
732 3142 49 25 on
798 3131 82 36 that
898 3131 55 38 lec-

44 3186 85 31 ture
145 3181 162 38 format?

44 3241 44 35 A.
102 3241 14 35 I
129 3239 112 38 think
252 3241 66 38 the
329 3243 87 36 best
427 3244 145 35 format
583 3246 31 33 is
627 3244 66 36 the
704 3257 77 24 one
792 3246 82 35 that
887 3258 63 24 suc-

44 3296 115 36 ceeds
181 3298 38 33 in
241 3298 63 35 the
326 3298 224 38 classroom.
573 3301 30 35 It
624 3313 90 35 may
734 3302 90 36 well
843 3302 49 36 be
913 3302 57 36 for

44 3365 110 24 some
173 3354 183 36 students
375 3356 65 36 the
460 3357 143 35 lecture
624 3357 151 43 format,
795 3357 175 38 whereas

44 3409 58 35 for
121 3409 129 35 others
272 3413 27 33 it
318 3424 91 36 may
427 3413 50 35 be
496 3413 65 35 the
580 3416 176 33 seminar.
778 3414 115 36 What
910 3427 60 25 we

44 3465 99 36 need
164 3471 39 30 to
222 3466 54 36 do
294 3469 33 33 is
346 3472 63 43 get
430 3480 41 25 as
491 3480 118 38 many
630 3471 145 49 faculty
795 3471 77 36 and
891 3477 60 30 stu-

44 3521 113 36 dents
172 3534 41 24 as
225 3523 173 47 possible
411 3524 187 36 involved
613 3528 38 33 in
665 3539 20 22 a
698 3531 272 33 conversation

44 3578 120 36 about
184 3580 181 49 teaching
387 3583 120 46 styles
529 3583 77 35 and
631 3583 180 49 teaching
833 3584 137 36 results

44 3635 77 35 and
139 3636 87 46 give
243 3635 146 50 faculty
403 3641 291 46 opportunities
710 3639 77 36 and
803 3646 167 43 support

43 3694 39 30 to
101 3690 87 36 take
205 3691 98 36 risks
321 3694 39 33 in
380 3694 225 47 embracing
624 3707 87 24 new
729 3696 183 35 methods
929 3698 41 35 of

43 3745 191 49 teaching,
252 3748 79 35 and
351 3748 91 35 then
461 3761 65 24 see
543 3750 132 36 where
694 3753 27 33 it
739 3751 87 36 falls
843 3757 79 30 out.
942 3754 28 33 It

44 3813 91 38 may
156 3802 49 36 be
227 3803 85 36 that
335 3805 65 35 the
424 3806 139 36 classic
586 3808 233 36 alternative
843 3814 39 30 to
904 3809 66 35 the

43 3861 272 33 transmission
335 3861 145 43 model,
501 3861 131 36 which
650 3865 30 33 is
701 3876 126 38 group
847 3865 102 35 learn-

43 3915 77 47 ing,
134 3926 91 36 may
238 3928 123 36 prove
375 3923 39 30 to
427 3918 50 35 be
490 3921 293 46 inappropriate
798 3923 38 33 in
850 3932 118 36 many

43 3981 121 24 cases.
191 3972 31 33 It
246 3983 94 36 may
362 3973 50 36 be
438 3975 309 49 inappropriate
770 3975 61 36 for
855 3989 113 24 some

43 4027 172 35 teachers
233 4027 96 36 who
350 4041 91 35 may
460 4030 50 35 be
529 4031 121 35 better
672 4033 181 36 lecturers
877 4035 91 35 than

1050 189 132 38 group
1208 178 238 38 discussion
1469 180 173 38 leaders.
1668 183 68 35 We
1759 183 213 36 shouldn't

1050 235 113 36 make
1180 246 19 25 a
1213 235 206 49 judgment
1433 235 120 36 about
1565 236 107 36 what
1687 239 30 33 is
1731 238 65 36 the
1808 238 87 36 best
1907 250 44 38 ap-

1049 290 145 50 proach
1265 291 106 36 what
1381 306 61 22 we
1454 293 142 36 should
1609 293 54 36 do
1674 296 31 35 is
1717 306 104 38 open
1833 296 139 49 people

1050 357 52 38 up
1121 351 41 31 to
1180 348 87 35 take
1283 348 98 35 risks
1398 354 38 30 to
1454 348 82 36 find
1554 354 69 30 out
1638 350 107 36 what
1762 353 30 33 is
1808 351 66 36 the
1887 351 85 36 best

1049 405 211 49 approach.

1049 461 50 43 Q.
1121 458 145 38 Should
1287 460 175 36 students
1483 461 96 36 have
1600 474 109 25 more
1729 461 43 38 of
1787 474 22 25 a
1831 468 83 44 part
1937 463 35 38 in

1047 513 68 39 the
1129 515 220 39 evaluation
1365 517 43 38 of
1419 518 227 47 professors'
1660 520 312 47 performances?

1049 573 46 35 A.
1113 573 91 36 This
1224 575 31 35 is
1274 575 161 35 another
1454 587 85 24 area
1556 576 98 35 with
1671 576 65 36 the
1754 580 161 47 critique
1932 578 39 36 of

1049 628 139 50 higher
1198 630 209 36 education
1417 633 129 35 which
1559 635 31 33 is
1602 633 123 36 called
1739 639 233 31 assessment

1106 687 91 36 how
1208 687 54 36 do
1272 699 61 24 we
1345 699 123 24 assess
1477 688 104 35 what
1592 690 176 36 students
1781 702 61 24 are
1852 690 101 36 learn-

1049 745 80 47 ing,
1151 743 93 36 how
1268 745 54 35 do
1345 757 61 24 we
1428 757 128 24 assess
1580 746 107 36 what
1710 748 175 36 teachers
1909 761 63 24 are

1049 800 198 50 teaching?
1260 800 227 38 Sometimes
1499 814 79 38 you
1591 803 112 36 make
1712 805 139 36 critical
1860 805 90 49 judg-

1049 863 128 31 ments
1198 871 46 24 so
1268 858 82 36 that
1372 860 142 49 people
1537 872 71 24 can
1630 861 192 49 improve,
1844 874 102 25 some-

1049 915 113 36 times
1178 928 80 36 you
1276 915 115 38 make
1406 917 140 36 critical
1559 918 227 47 judgments
1803 921 39 35 in
1858 920 113 38 order

1047 975 39 33 to
1106 973 151 36 reward
1277 984 44 25 or
1339 975 145 47 punish
1502 975 225 50 somebody.
1746 976 14 35 I
1778 976 112 36 think
1907 976 65 36 the

1047 1028 200 50 emphasis
1260 1031 38 33 in
1310 1030 164 36 modem
1487 1038 235 31 assessment
1732 1035 31 35 is
1775 1038 68 31 not
1854 1044 52 27 on
1918 1046 36 25 re-

1047 1087 109 36 ward
1173 1098 43 25 or
1230 1088 257 49 punishment
1564 1090 60 36 it's
1638 1102 52 24 on
1706 1091 265 49 improvement,

1046 1143 131 36 which
1195 1145 134 36 makes
1348 1148 27 33 it
1392 1145 74 36 less
1485 1146 104 47 risky
1608 1146 57 36 for
1682 1148 65 35 the
1764 1148 157 36 teacher.
1940 1148 31 36 If

1047 1200 65 36 the
1126 1200 198 50 professor
1339 1202 139 36 knows
1490 1203 82 36 that
1584 1203 150 41 he/she
1748 1206 90 35 isn't
1850 1208 121 47 going

1047 1261 38 31 to
1099 1257 47 36 be
1161 1260 235 47 necessarily
1408 1261 192 35 criticized
1616 1272 44 24 or
1672 1261 214 44 rewarded,
1901 1261 71 38 but

1047 1313 126 36 rather
1191 1317 77 47 just
1288 1318 118 47 given
1425 1320 287 46 opportunities
1732 1323 41 31 to
1792 1321 178 47 improve

1110 1373 167 46 positive
1294 1373 296 36 reinforcement
1608 1375 131 36 works
1756 1375 118 36 much
1890 1375 60 38 bet-

1046 1431 57 31 ter
1117 1439 52 24 on
1183 1427 153 38 human
1350 1430 135 49 beings
1502 1430 93 36 than
1609 1433 151 36 reward
1776 1433 79 36 and
1869 1444 76 38 pun-

1047 1483 176 44 ishment,
1236 1498 41 24 as
1288 1487 57 36 far
1356 1498 39 25 as
1408 1488 69 35 I'm
1485 1488 224 35 concerned.
1721 1490 85 35 Part
1816 1488 43 36 of
1865 1490 104 36 what

1046 1542 13 35 I
1072 1546 107 30 want
1195 1546 38 31 to
1249 1542 54 36 do
1315 1556 94 24 over
1424 1543 63 36 the
1501 1550 90 31 next
1605 1546 142 47 couple
1759 1557 110 38 years
1885 1548 31 35 is
1929 1551 39 31 to

1043 1598 117 49 bring
1175 1609 110 25 some
1302 1600 142 50 people
1460 1606 41 30 to
1515 1613 164 39 campus
1696 1603 77 36 and
1792 1603 58 36 for
1868 1616 44 25 us
1929 1609 39 31 to

1041 2850 98 36 offer
1156 2863 20 24 a
1197 2852 131 36 forum
1346 2854 58 35 for
1425 2866 43 22 us
1488 2854 49 35 all
1556 2860 39 30 to
1614 2855 88 43 talk,
1723 2855 145 50 faculty
1885 2857 79 36 and

1039 2907 181 38 students
1241 2909 110 44 alike,
1372 2910 117 36 about
1507 2912 107 36 what
1633 2924 61 24 are
1713 2913 65 35 the
1797 2926 109 38 ways
1924 2920 39 30 to

1041 2975 129 25 assess
1195 2965 150 49 faculty
1369 2967 184 50 teaching
1576 2970 79 35 and
1679 2970 109 36 what
1809 2983 66 24 are
1898 2972 66 36 the

1039 3033 115 38 ways
1181 3027 41 31 to
1249 3035 135 25 assess
1409 3025 172 36 student
1608 3027 288 47 performance
1923 3030 41 33 in

1039 3077 151 36 classes.
1211 3079 31 35 Is
1260 3091 50 22 an
1326 3091 110 24 exam
1454 3093 49 22 an
1520 3088 175 30 accurate
1710 3083 198 36 reflection
1924 3085 39 35 of

1039 3134 107 36 what
1169 3135 183 36 students
1373 3137 140 36 know?
1556 3140 101 35 How
1680 3151 71 24 can
1773 3153 61 24 we
1857 3146 65 44 get
1942 3153 20 24 a

1039 3191 115 36 fuller
1172 3194 150 47 picture
1339 3192 43 36 of
1398 3194 63 35 the
1480 3195 194 36 student's
1693 3197 271 47 performance

1039 3250 39 33 in
1093 3249 164 35 classes?

1039 3306 49 43 Q.
1112 3306 96 35 How
1225 3315 72 25 can
1315 3317 76 36 you
1409 3306 173 49 improve
1598 3307 66 38 the
1683 3309 206 49 university
1907 3323 36 24 re-

1039 3372 156 25 sources
1209 3361 82 36 that
1304 3362 96 36 train
1416 3375 170 38 younger
1600 3365 213 47 professors
1825 3378 43 24 so
1882 3365 79 38 that

1038 3414 91 49 they
1148 3428 66 25 are
1235 3417 216 50 improving
1469 3419 76 36 and
1565 3431 66 25 are
1650 3422 146 49 getting
1816 3420 145 39 better?

1043 3474 101 35 How
1173 3485 76 25 can
1277 3487 79 36 you
1387 3474 94 49 help
1512 3476 118 38 older
1658 3479 235 47 professors
1920 3485 41 31 to

1038 3528 165 49 sharpen
1222 3529 99 36 their
1339 3531 121 36 skills?

1038 3587 44 33 A.
1102 3587 13 33 I
1132 3598 71 24 can
1224 3587 109 36 think
1350 3589 41 35 of
1408 3594 77 31 two
1502 3594 200 46 strategies
1721 3592 80 35 that
1819 3605 63 24 are
1898 3592 43 36 be-

1038 3644 65 46 ing
1121 3644 98 35 used
1238 3646 39 33 in
1294 3644 128 49 places
1439 3647 151 35 around
1608 3647 65 36 the
1688 3654 170 43 country.
1876 3650 85 36 One

1038 3701 31 31 is
1091 3712 93 35 peer
1208 3704 235 44 mentoring,
1466 3704 131 35 which
1619 3706 30 35 is
1672 3717 19 24 a
1715 3706 246 49 remarkably

1038 3754 143 49 simple
1205 3762 63 41 yet
1293 3767 47 25 an
1364 3757 217 49 incredibly
1605 3759 183 38 effective
1808 3775 91 35 way
1921 3762 39 36 of

1036 3809 146 50 having
1202 3811 145 50 faculty
1364 3817 187 44 improve.
1572 3817 88 35 Two
1677 3817 146 49 faculty
1839 3830 91 24 mem-

1035 3866 88 36 bers
1137 3869 80 46 join
1235 3869 175 47 together
1427 3871 76 35 and
1523 3872 112 35 make
1652 3885 19 22 a
1688 3874 175 36 decision
1880 3876 80 35 that

1038 3923 91 49 they
1150 3935 65 24 are
1235 3928 121 47 going
1378 3931 38 30 to
1438 3929 90 33 visit
1548 3929 94 35 each
1666 3931 131 35 others
1817 3931 143 36 classes

1036 3991 96 24 once
1148 3992 44 24 or
1208 3983 113 35 twice
1337 3983 142 47 during
1494 3983 65 36 the
1576 3991 192 30 semester.
1786 3987 52 35 Sit
1855 3989 39 33 in
1909 4000 52 22 on

1036 4035 65 36 the
1113 4036 112 43 class,
1241 4036 90 36 look
1345 4044 36 28 at
1397 4039 61 33 the
1472 4041 186 46 syllabus,
1674 4043 112 36 listen
1800 4049 39 30 to
1854 4055 19 24 a
1888 4044 71 35 lec-

2041 192 96 38 ture,
2148 189 143 47 maybe
2302 191 80 36 talk
2395 194 39 33 to
2447 202 113 25 some
2573 192 183 38 students
2767 198 39 31 at
2816 194 65 38 the
2891 194 76 38 end

2041 244 43 35 of
2101 244 109 35 class.
2230 244 131 38 That's
2381 247 38 35 it.
2441 246 110 38 Then
2570 249 143 47 maybe
2731 249 102 38 have
2852 250 115 38 lunch

2041 299 80 36 and
2146 301 117 36 share
2285 302 106 36 their
2413 304 288 36 observations
2724 306 126 38 about
2871 306 96 38 each

2039 356 150 36 other's
2205 357 153 36 classes.
2376 359 65 36 It's
2455 365 132 44 pretty
2602 361 178 38 risk-free
2795 362 79 38 and
2890 375 77 38 you

2041 413 54 36 do
2109 416 30 33 it
2151 414 99 36 with
2265 416 225 49 somebody
2504 428 82 38 you
2602 417 88 44 like,
2706 420 28 35 it
2748 419 154 38 doesn't
2918 431 49 38 go

2039 480 55 25 on
2113 480 104 38 your
2238 477 241 43 permanent
2502 472 151 44 record,
2677 474 63 38 it's
2759 476 80 47 just
2860 476 107 49 good

2041 526 198 36 feedback.
2252 529 30 35 It
2291 529 139 36 would
2443 531 90 35 take
2543 531 117 49 eight,
2672 535 66 31 ten
2748 531 120 38 hours
2880 539 87 44 tops

2041 587 41 30 to
2104 584 244 49 participate
2372 587 43 33 in
2509 586 88 36 that
2619 587 189 38 includes
2831 589 134 36 lunch.

2039 638 131 38 That's
2191 652 77 25 one
2288 641 172 38 obvious
2480 654 93 38 way
2594 647 41 31 to
2655 655 222 39 encourage
2898 647 47 33 im-

2039 701 246 43 provement.
2306 696 145 50 Again,
2471 699 65 36 it's
2556 712 22 24 a
2598 702 173 46 positive
2792 701 175 38 risk-free

2041 751 94 38 kind
2153 753 44 36 of
2211 756 211 47 approach.
2443 757 65 35 It's
2524 761 71 31 not
2611 757 225 52 something
2854 757 113 38 that's

2038 811 157 35 written
2213 809 124 38 down
2354 811 79 38 and
2454 813 137 38 affects
2609 827 102 36 your
2729 814 128 50 salary
2874 827 44 27 or
2935 817 31 36 is

2039 866 126 38 found
2180 869 41 35 in
2233 868 65 38 the
2312 869 148 36 Critical
2472 871 143 36 Review
2628 871 80 38 and
2721 871 135 39 affects
2868 885 99 38 your

2038 923 244 39 enrollment.
2302 926 63 36 It's
2384 939 22 24 a
2424 939 93 38 way
2534 928 44 38 of
2594 931 137 47 giving
2746 931 220 49 somebody

2038 987 343 43 encouragement.

2096 1039 35 35 A
2151 1039 151 36 second
2324 1039 117 50 thing
2460 1054 66 25 we
2548 1054 76 25 can
2646 1043 54 36 do
2721 1047 43 31 to
2784 1044 180 50 improve

2039 1096 180 50 teaching
2233 1098 31 36 is
2277 1102 43 31 to
2332 1104 126 31 create
2471 1099 252 50 challenging
2737 1106 205 46 opportuni-

2038 1154 71 35 ties
2121 1151 60 38 for
2191 1153 148 50 faculty
2346 1156 96 36 who
2454 1167 66 25 are
2529 1157 197 49 currently
2737 1157 146 50 having
2894 1157 52 38 dif-

2038 1209 167 38 ficulties
2220 1214 150 47 getting
2386 1213 178 38 research
2581 1219 142 44 grants.
2740 1214 98 39 That
2850 1216 91 50 prob-

2038 1266 79 38 lem
2137 1269 31 35 is
2189 1271 123 47 going
2331 1272 41 33 to
2392 1274 65 46 get
2477 1282 22 24 a
2521 1271 55 36 lot
2595 1282 142 31 worse,
2757 1271 79 38 and
2858 1272 106 38 these

2038 1324 143 50 people
2198 1324 102 38 have
2318 1339 216 25 enormous
2553 1331 194 47 expertise
2764 1329 79 36 and
2860 1335 104 44 great

2038 1383 167 35 creative
2220 1384 187 47 energies.
2427 1383 68 36 We
2512 1384 128 49 might
2655 1391 109 31 want
2780 1391 41 31 to
2836 1398 102 24 exam-

2038 1439 65 35 ine
2123 1450 113 38 ways
2258 1441 43 35 in
2321 1439 134 38 which
2477 1454 65 25 we
2564 1454 74 25 can
2660 1454 72 25 use
2754 1443 150 50 faculty
2924 1444 39 35 in

2038 1496 302 50 team-teaching
2353 1499 247 49 enterprises,
2613 1498 134 38 which
2756 1501 33 35 is
2800 1499 164 50 nothing

2038 1564 109 24 more
2164 1551 94 38 than
2276 1565 128 38 group
2422 1554 180 50 learning
2617 1556 104 36 from
2739 1556 65 36 the
2819 1557 145 50 faculty

2036 1609 115 49 point
2173 1609 43 35 of
2235 1611 115 43 view,
2373 1622 43 25 as
2439 1611 187 50 opposed
2650 1617 41 31 to
2713 1613 68 38 the
2800 1614 164 38 student

2036 1668 112 47 point
2162 1666 44 38 of
2216 1669 110 36 view.

2036 1723 49 44 Q.
2106 1723 76 36 Are
2198 1734 76 38 you
2294 1724 225 38 concerned
2539 1724 121 39 about
2679 1726 68 38 the
2764 1726 104 50 large
2885 1728 79 38 size

2036 1778 41 39 of
2090 1780 146 38 certain
2250 1783 181 36 courses?
2447 1784 99 35 How
2561 1794 72 27 can
2649 1795 76 38 you
2739 1795 131 27 assure
2882 1784 82 39 that

2035 1835 176 39 students
2231 1849 65 27 are
2317 1838 148 50 getting
2485 1838 66 39 the
2573 1839 178 49 personal
2773 1843 189 36 attention

2035 1893 76 38 and
2131 1898 159 33 contact
2309 1894 93 38 with
2422 1896 68 36 the
2510 1896 197 49 professor
2728 1898 36 36 in
2783 1910 24 25 a
2825 1910 139 27 course

2035 1948 93 38 with
2146 1953 77 35 300
2241 1962 43 25 or
2301 1954 77 35 500
2395 1951 161 49 people?

2035 2008 46 36 A.
2098 2008 91 36 This
2205 2009 31 35 is
2252 2009 68 35 the
2335 2009 135 36 classic
2487 2009 191 38 dilemma
2694 2013 82 36 that
2791 2025 61 24 we
2869 2013 90 38 face.

2033 2063 80 36 The
2129 2076 77 25 one
2222 2066 124 47 single
2364 2071 183 33 constant
2562 2068 121 38 result
2698 2069 44 36 of
2756 2069 49 36 all
2820 2071 117 35 educa-

2035 2121 120 36 tional
2165 2123 246 50 psychology
2424 2124 298 50 investigations
2732 2124 43 38 of
2784 2126 175 50 teaching

2098 2183 39 30 at
2154 2191 77 36 any
2249 2178 110 44 level,
2378 2180 35 36 K
2430 2180 172 50 through
2619 2181 192 49 graduate
2827 2183 132 36 school

2093 2236 31 35 is
2139 2235 82 36 that
2233 2235 66 36 the
2312 2236 157 36 smaller
2483 2238 65 36 the
2561 2238 110 43 class,
2685 2238 65 38 the
2762 2239 123 36 better
2898 2241 61 36 the

2033 2291 181 49 teaching
2235 2294 243 47 experience.
2499 2296 65 35 We
2586 2294 50 36 all
2658 2294 120 38 know
2798 2296 91 36 that.
2912 2296 47 38 So

2033 2348 93 36 how
2140 2348 55 36 do
2208 2362 63 24 we
2285 2356 126 31 create
2427 2353 180 36 intimate
2619 2353 181 50 teaching
2814 2357 124 47 experi-

2033 2417 113 25 ences
2157 2406 60 36 for
2228 2417 41 27 as
2283 2419 120 38 many
2414 2409 183 35 students
2608 2420 43 25 as
2661 2409 172 50 possible
2843 2411 117 36 when

2033 2468 68 31 not
2109 2463 77 49 just
2198 2465 150 43 Brown,
2357 2465 74 38 but
2441 2479 120 36 every
2572 2468 134 36 school
2718 2471 39 33 in
2769 2468 65 38 the
2843 2480 94 25 coun-

2033 2523 63 46 try,
2107 2521 31 35 is
2150 2520 128 50 facing
2287 2523 76 35 real
2373 2523 150 36 serious
2534 2523 178 38 financial
2723 2524 236 50 challenges?

2033 2576 30 36 If
2077 2589 61 24 we
2154 2583 106 31 want
2277 2583 39 33 to
2332 2578 101 39 have
2450 2592 20 25 a
2487 2581 99 36 class
2602 2581 43 36 of
2660 2583 69 35 300
2743 2583 146 36 broken
2904 2595 54 38 up

2033 2635 77 36 into
2121 2638 60 33 ten
2191 2635 137 36 classes
2335 2635 43 38 of
2383 2636 58 43 30,
2450 2649 61 25 we
2521 2638 98 36 need
2628 2639 90 36 nine
2726 2650 106 25 more
2839 2639 101 38 teach-

2031 2702 69 25 ers.
2112 2691 91 36 And
2216 2691 30 36 if
2255 2706 80 36 you
2346 2693 112 38 don't
2468 2699 107 31 want
2587 2696 186 49 graduate
2784 2696 175 38 students

2033 2748 175 50 teaching
2225 2748 109 38 those
2350 2750 98 38 class
2465 2753 178 43 sections,
2660 2753 91 36 then
2765 2765 79 36 you
2860 2754 99 38 have

2033 2809 38 31 to
2085 2805 99 38 have
2198 2805 88 38 four
2302 2808 77 36 and
2395 2819 20 25 a
2433 2808 82 36 half
2528 2820 107 25 more
2650 2809 146 52 faculty,
2813 2822 123 25 assum-

2033 2863 65 47 ing
2110 2874 20 22 a
2145 2866 80 31 two
2235 2876 137 24 course
2384 2865 180 50 teaching
2575 2866 91 36 load
2679 2879 69 38 per
2761 2866 142 50 faculty

2033 2920 76 35 and
2129 2920 112 38 that's
2257 2923 76 47 just
2350 2932 76 25 one
2443 2923 109 36 class.
2572 2923 61 36 It's
2650 2924 76 49 just
2743 2923 216 52 financially

2033 2976 233 49 impossible.

2090 3033 66 36 Let
2176 3044 63 25 me
2260 3033 82 38 also
2362 3046 71 39 say
2452 3035 83 36 that
2556 3036 118 36 while
2694 3038 11 35 I
2728 3038 231 50 completely

2033 3101 110 36 agree
2156 3088 63 36 the
2231 3090 153 38 smaller
2397 3091 65 36 the
2474 3091 96 38 class
2583 3093 66 36 the
2660 3093 120 38 better
2791 3094 65 36 the
2866 3094 71 36 edu-

2031 3146 161 36 cational
2206 3150 235 47 experience,
2455 3148 106 38 there
2573 3161 63 25 are
2649 3150 186 50 probably
2849 3153 110 36 times

2031 3202 115 36 when
2157 3214 20 24 a
2191 3202 101 52 large
2301 3203 142 38 lecture
2452 3217 137 25 course
2598 3206 82 38 that
2688 3206 71 38 has
2769 3206 65 38 the
2843 3213 98 31 trans-

2031 3261 161 35 mission
2208 3261 131 35 model
2354 3261 43 36 of
2409 3261 236 52 knowledge
2660 3263 129 38 where
2803 3277 80 36 you
2898 3277 61 25 are

2031 3317 145 49 getting
2191 3328 19 24 a
2225 3317 52 36 lot
2290 3317 41 36 of
2342 3318 250 38 information
2606 3324 68 31 out
2687 3324 41 31 to
2739 3321 176 36 students
2928 3323 31 35 is

2031 3372 184 50 probably
2231 3378 68 31 not
2313 3375 65 35 the
2392 3381 120 30 worst
2528 3375 110 50 thing
2652 3378 39 33 in
2707 3389 20 24 a
2743 3383 194 31 concentra-

2031 3430 80 33 tion
2129 3441 44 24 or
2189 3431 115 35 series
2321 3430 43 36 of
2380 3443 157 27 courses
2556 3431 80 38 that
2654 3444 91 38 may
2761 3433 99 38 have
2877 3446 61 38 pre-

2031 3488 208 46 requisites.
2260 3488 30 35 It
2309 3488 82 35 also
2409 3488 90 36 isn't
2518 3488 146 50 always
2683 3490 63 36 the
2764 3496 120 31 worst
2902 3491 57 38 for

2031 3540 156 38 student
2198 3542 214 50 dynamics.
2425 3545 230 38 Sometimes
2668 3557 43 25 as
2723 3548 183 49 irritating
2918 3559 39 25 as

2031 3600 27 35 it
2074 3609 69 25 can
2159 3598 49 36 be
2225 3603 38 31 to
2279 3611 112 25 some
2406 3602 189 43 students,
2614 3605 27 35 it
2657 3616 72 24 can
2745 3603 80 38 also
2839 3605 49 36 be
2902 3606 38 35 in-

2030 3657 146 47 spiring
2191 3660 39 31 to
2244 3657 137 36 others.
2398 3658 154 38 There's
2567 3671 22 24 a
2603 3661 142 35 certain
2759 3671 110 25 sense
2883 3661 41 35 of
2939 3674 19 24 a

2031 3710 50 36 lot
2091 3712 41 35 of
2139 3713 139 47 people
2287 3713 172 50 learning
2468 3715 61 35 the
2539 3726 107 25 same
2655 3717 126 49 things
2791 3718 167 47 together

2031 3765 79 36 that
2128 3767 202 38 reinforces
2346 3769 65 38 the
2425 3783 115 25 sense
2556 3772 43 36 of
2614 3772 172 50 learning
2802 3773 154 36 culture.

2030 3824 30 35 It
2074 3824 132 36 makes
2220 3827 142 47 people
2378 3827 72 35 feel
2466 3827 106 50 good
2589 3828 79 36 that
2683 3828 142 50 they're
2841 3833 117 46 going

2030 3880 38 33 in
2088 3879 63 36 the
2172 3891 106 25 same
2298 3882 187 38 direction
2504 3896 43 24 as
2565 3885 110 36 other
2694 3887 148 47 people.
2865 3887 93 36 That

2030 3948 91 36 may
2139 3937 50 36 be
2209 3948 20 25 a
2250 3939 113 36 weak
2384 3946 220 43 argument.
2625 3940 80 36 The
2728 3942 104 36 truth
2852 3945 43 41 is,
2915 3956 41 24 as

2030 3992 117 35 much
2164 4005 41 24 as
2219 4005 63 25 we
2296 3995 102 36 need
2416 3995 112 36 small
2543 4009 169 30 courses,
2728 3998 58 36 it's
2800 4000 76 47 just
2891 4005 66 30 not

2030 4047 217 50 financially
2260 4052 180 47 possible.

1271 1704 5 28 '
1356 1706 13 24 '
1392 1704 5 28 '

1524 1800 87 66 go
1644 1778 140 66 into
1814 1780 115 66 the

1076 1879 367 87 profession
1468 1880 287 68 because
1773 1883 156 88 they

1071 1981 113 66 fall
1216 1983 61 66 in
1312 1983 148 68 love
1485 1983 161 69 with
1677 1986 209 68 knowl-

1748 2079 2 6 .
1781 2079 2 6 .

1074 2085 208 88 edge.
1331 2087 143 68 The
1520 2088 159 69 first
1724 2090 205 90 thing

1071 2187 161 87 they
1250 2191 287 83 thought
1557 2192 76 68 of
1649 2216 139 46 was
1811 2203 117 58 not

1072 2296 41 63 'I
1142 2304 183 58 want
1345 2302 72 60 to
1443 2296 83 66 be
1548 2320 39 44 a
1608 2296 318 85 teacher,'

1074 2397 46 68 it
1145 2419 161 60 was,
1335 2400 44 66 'I
1411 2398 150 69 love
1586 2400 129 69 this
1739 2402 186 83 field,

1076 2506 14 61 I
1117 2512 184 58 want
1321 2513 72 57 to
1417 2506 213 87 spend
1652 2506 117 68 the
1795 2517 131 58 rest

1069 2606 76 69 of
1164 2628 112 66 my
1301 2606 109 69 life
1436 2609 60 66 in
1521 2603 129 74 this
1671 2609 254 69 field.'"

1466 4113 107 24 9
