3126 4141
2120 381 85 35 The
2230 384 72 46 top
2332 381 87 36 five
2446 381 173 39 schools
2718 380 269 49 Dartmouth,

2063 436 165 43 Brown,
2260 438 187 38 William
2479 439 87 38 and
2597 441 134 49 Mary,
2761 435 113 50 Rice,
2906 441 82 36 and

2061 494 203 36 Princeton
2334 507 65 25 are
2409 498 139 49 giving
2559 509 22 25 a
2592 496 224 50 significant
2825 502 162 35 amount

2061 551 43 36 of
2123 553 189 35 attention
2332 556 41 33 to
2394 553 101 36 their
2515 554 353 49 undergraduates,
2888 567 44 24 or
2951 559 36 33 at

2061 608 94 35 least
2167 608 123 50 doing
2299 620 22 24 a
2332 608 109 50 good
2449 609 66 50 job
2526 609 44 38 of
2578 609 137 50 faking
2723 613 39 36 it.
2776 611 96 38 Both
2882 611 106 38 Buell

2061 663 80 38 and
2165 665 104 36 Elfin
2290 666 225 49 suggested
2537 668 87 36 that
2644 668 164 36 smaller
2828 668 159 38 schools

2060 720 146 38 tended
2220 726 41 31 to
2274 721 49 36 be
2339 734 109 25 more
2461 726 189 35 attentive
2663 729 43 31 to
2718 724 246 50 undergradu-

2061 781 90 39 ates,
2162 776 120 38 while
2293 778 101 38 Elfin
2403 780 151 36 offered
2567 781 164 36 another
2742 781 246 50 explanation

2060 833 60 38 for
2132 835 272 38 Dartmouth's
2419 836 214 49 particular
2646 850 167 25 success.

2387 894 33 35 is
2431 894 274 50 considerably
2715 894 154 36 smaller
2880 894 106 46 [than

2304 948 101 38 Elfin
2414 950 142 49 began.
2748 951 167 38 because
2924 951 61 38 it's

2060 1005 164 36 isolated
2239 1016 55 38 up
2309 1008 41 33 in
2364 1006 197 44 Hanover,
2576 1008 143 49 maybe
2732 1008 28 36 it
2773 1008 72 36 has
2857 1008 77 38 less
2946 1013 41 31 to

2117 1120 246 35 Dartmouth
2384 1120 115 36 Dean
2523 1120 44 38 of
2586 1120 68 38 the
2677 1120 162 52 Faculty
2857 1121 129 46 James

2058 1175 148 50 Wright
2219 1175 69 38 did
2304 1181 69 33 not
2384 1176 189 39 discount
2584 1178 61 38 his
2660 1180 255 36 institution's
2924 1191 41 25 ru-

2058 1233 55 35 ral
2131 1233 143 49 setting
2290 1244 43 25 as
2350 1244 22 25 a
2389 1233 178 50 possible
2583 1233 123 39 factor
2723 1236 39 36 in
2778 1236 172 52 creating
2965 1247 20 27 a

2058 1302 109 24 more
2186 1290 184 38 cohesive
2391 1294 255 47 community,
2665 1291 74 38 but
2756 1293 50 36 he
2825 1293 134 50 empha-

2058 1346 109 36 sized
2183 1346 272 38 Dartmouth's
2471 1348 202 50 relatively
2687 1348 113 38 small
2814 1351 80 36 size
2909 1361 41 27 as
2964 1362 22 25 a

2058 1405 121 47 major
2194 1416 140 25 reason
2350 1405 60 38 for
2424 1408 47 35 its
2487 1406 184 50 teaching
2683 1408 231 49 reputation.

2394 1460 74 39 has
2485 1474 20 25 a
2524 1461 94 50 long
2636 1461 151 52 history
2802 1463 44 38 of
2860 1463 104 38 teach-

2058 1520 77 47 ing;
2150 1518 61 36 it's
2227 1518 65 36 the
2304 1518 96 50 only
2413 1520 71 49 Ivy
2498 1520 156 50 League
2666 1520 135 36 school
2816 1520 82 38 that
2909 1520 76 38 still

2057 1573 91 36 calls
2159 1573 101 36 itself
2268 1586 20 25 a
2491 1575 146 50 Wright
2647 1576 216 50 explained.

2057 1631 148 49 history
2216 1633 31 35 is
2258 1633 225 50 something
2493 1633 145 50 people
2647 1646 65 25 are
2723 1646 126 25 aware
2858 1633 50 38 of.
2920 1633 66 38 We

2057 1687 191 50 certainly
2268 1688 236 49 emphasize
2524 1688 189 52 teaching
2732 1702 44 27 as
2797 1702 22 27 a
2839 1690 146 39 critical

2057 1746 258 35 institutional
2329 1757 191 39 purpose,
2532 1746 156 50 though
2702 1748 14 36 I
2731 1746 54 38 do
2797 1753 71 33 not
2879 1753 107 33 want

2057 1806 41 31 to
2112 1806 162 44 suggest
2288 1803 118 36 we're
2422 1805 151 47 unique
2591 1803 55 46 [in
2660 1803 83 38 that
2757 1803 225 50 emphasis.]

2055 1858 192 50 Teaching
2258 1858 99 38 does
2367 1865 132 31 count.
2513 1861 66 36 We
2591 1860 121 52 really
2723 1860 54 38 do
2787 1863 112 35 insist
2909 1860 57 38 fac-

2057 1913 90 50 ulty,
2157 1917 41 35 in
2209 1915 180 38 addition
2400 1920 41 33 to
2450 1917 99 38 their
2561 1917 178 38 research
2746 1929 46 25 or
2802 1917 96 38 their
2907 1929 58 25 cre-

2055 1973 104 35 ative
2169 1972 123 44 work,
2302 1972 50 38 be
2364 1973 231 38 committed
2608 1978 41 33 to
2660 1973 99 38 their

2113 2028 235 50 Compared
2370 2033 41 33 to
2436 2033 50 35 its
2509 2031 72 49 Ivy
2602 2031 162 50 League
2784 2031 200 44 brethren,

2055 2085 238 38 Dartmouth
2312 2087 72 38 has
2402 2099 24 25 a
2446 2088 225 38 minuscule
2688 2088 192 50 graduate
2896 2101 66 38 pro-

2054 2154 123 38 gram,
2186 2143 153 50 though
2348 2145 148 49 Wright
2726 2145 83 38 that
2817 2145 167 52 perhaps

2054 2198 68 38 the
2135 2200 135 36 school
2285 2213 85 25 was
2384 2213 96 25 now
2496 2214 110 25 more
2620 2214 22 25 a
2658 2205 217 49 university
2888 2202 96 41 than

2055 2268 20 25 a
2094 2257 159 49 college.
2290 2258 276 36 Dartmouth's
2583 2258 96 50 only
2696 2260 191 50 graduate
2904 2265 61 33 stu-

2054 2313 117 36 dents
2181 2326 65 24 are
2257 2317 41 33 in
2307 2313 68 38 the
2384 2317 175 36 sciences
2569 2317 80 36 and
2661 2315 246 52 psychology
2917 2317 46 38 de-

2054 2375 230 44 partments,
2302 2372 195 44 however,
2517 2372 80 36 and
2617 2372 66 38 the
2699 2372 140 39 dearth
2855 2372 44 38 of
2913 2384 47 39 po-

2054 2425 142 38 tential
2219 2427 191 50 teaching
2433 2430 214 36 assistants
2671 2441 142 27 means
2836 2430 124 38 under-

2054 2483 208 49 graduates
2271 2485 121 49 study
2402 2490 38 31 at
2449 2485 66 36 the
2523 2485 77 36 feet
2609 2485 44 36 of
2660 2485 214 50 professprs
2883 2485 101 44 from

2054 2539 66 38 the
2134 2546 180 31 moment
2326 2540 94 50 they
2435 2545 126 35 arrive
2575 2545 43 35 in
2628 2543 197 38 Hanover.

2112 2597 211 50 Ironically,
2342 2598 151 50 Wright
2512 2598 162 38 seemed
2694 2603 41 33 to
2751 2598 52 38 be
2822 2598 162 52 looking

2054 2658 41 31 to
2106 2666 22 24 a
2142 2654 181 38 Harvard
2335 2655 146 44 model,
2496 2668 102 27 even
2609 2668 44 27 as
2666 2657 109 38 Buell
2784 2657 148 50 sought
2942 2661 43 33 to

2054 2710 106 36 learn
2169 2710 102 36 from
2280 2712 154 38 schools
2446 2712 76 41 like
2531 2712 246 39 Dartmouth.
2891 2726 93 25 own

2054 2770 104 35 view
2175 2770 33 35 is
2225 2769 82 36 that
2324 2769 101 50 grad
2443 2770 184 38 students
2644 2781 72 27 can
2732 2770 96 50 play
2844 2783 52 25 an
2912 2772 47 36 im-

2054 2828 161 46 portant
2236 2825 79 36 and
2339 2825 184 39 effective
2683 2827 129 38 While
2833 2827 151 52 Wright

2052 2894 85 25 was
2156 2882 162 49 pleased
2340 2887 41 33 to
2398 2883 50 36 be
2469 2885 236 49 recognized
2724 2885 43 36 in
2784 2885 68 38 the
2871 2885 90 38 rank-

2054 2940 79 49 ing,
2148 2937 52 38 he
2214 2939 213 50 expressed
2443 2940 66 38 the
2524 2940 304 50 apprehension,
2846 2940 82 39 that
2942 2943 43 36 in

2054 2997 269 36 Dartmouth's
2332 3002 156 44 present
2498 2998 175 49 position
2680 2998 107 36 there
2795 3009 85 25 was
2888 3009 96 39 very

2054 3050 96 38 little
2164 3063 113 25 room
2288 3052 63 38 for
2364 3055 306 47 improvement.

2271 3113 101 33 sorts
2383 3110 44 36 of
2435 3121 167 39 surveys
2613 3121 74 25 can
2836 3112 146 50 Wright

2052 3164 140 50 began.
2282 3164 98 52 high
2394 3165 137 39 school
2545 3169 132 36 senior
2690 3180 94 38 may
2797 3167 93 39 look
2904 3172 38 35 at
2954 3169 28 38 it

2054 3222 79 38 and
2145 3222 161 38 include
2315 3224 243 38 Dartmouth
2567 3236 54 25 on
2631 3225 101 36 their
2742 3225 74 38 list.
2828 3225 154 38 There's

2054 3277 148 52 always
2219 3290 22 25 a
2257 3279 120 50 slight
2392 3279 153 52 danger
2559 3293 44 25 as
2619 3280 102 38 well.
2739 3280 33 38 If
2784 3285 93 35 next
2890 3293 93 39 year

2054 3335 146 36 Brown
2220 3337 33 35 is
2277 3335 90 36 first
2387 3337 83 36 and
2493 3337 249 38 Dartmouth
2762 3339 33 36 is
2817 3337 165 46 second,

2054 3391 145 50 people
2211 3391 82 38 will
2306 3405 79 38 say,
2400 3392 129 39 'What
2542 3394 274 50 happened?"'

2110 3449 150 49 Wright
2269 3449 80 36 had
2359 3450 170 50 nothing
2537 3450 74 38 but
2619 3454 131 49 praise
2759 3450 61 39 for
2831 3452 150 44 Brown,

2054 3504 79 36 and
2148 3502 66 38 the
2228 3510 77 31 rest
2321 3504 43 38 of
2376 3506 68 38 the
2458 3507 71 49 Ivy
2543 3507 169 50 League,
2726 3507 82 38 and
2820 3507 161 39 seemed

2054 3564 39 35 to
2106 3565 164 46 suggest
2280 3562 107 36 there
2400 3573 87 27 was
2498 3564 194 50 probably
2704 3564 96 38 little
2811 3570 150 46 separat-

2054 3617 68 49 ing
2134 3628 121 39 many
2269 3617 44 36 of
2323 3617 68 38 the
2403 3624 71 44 top
2488 3619 170 39 schools.

2189 3674 14 36 I
2224 3672 82 39 had
2329 3685 22 27 a
2373 3679 107 41 vote,
2504 3677 14 35 I
2539 3677 143 36 would
2704 3677 106 38 have
2828 3677 151 39 ranked

2054 3729 140 35 Brown
2206 3740 99 39 very
2465 3731 151 50 Wright
2628 3732 98 38 said.
2794 3732 113 39 think
2920 3734 60 38 it's

2052 3797 20 25 a
2096 3787 109 46 quite
2225 3787 148 47 special
2394 3787 151 38 school.
2567 3789 14 36 I
2602 3789 109 50 hope
2729 3800 200 41 everyone
2948 3792 31 36 is

2052 3841 162 49 pleased
2231 3843 82 35 and
2329 3854 65 25 we
2411 3843 112 38 don't
2540 3849 66 46 get
2622 3846 83 36 into
2721 3844 129 39 who's
2868 3858 85 25 num-

2050 3896 69 38 ber
2132 3909 77 25 one
2222 3898 79 36 and
2315 3898 131 38 who's
2458 3901 170 36 number
2641 3904 91 33 two.
2746 3902 16 35 I
2775 3902 113 36 think
2899 3901 80 39 that

2050 3954 118 36 we're
2183 3954 41 35 in
2236 3964 98 39 very
2346 3954 109 49 good

68 139 205 52 ployment
288 140 83 36 that
384 153 87 24 was
487 140 194 50 designed
698 146 39 31 to
753 146 150 44 protect
917 154 65 24 aca-

69 197 128 36 demic
443 197 134 49 Shepp
592 198 96 35 said.
706 198 146 35 Tenure
866 209 72 24 can
951 198 50 35 be

69 252 186 36 removed
274 265 55 25 on
346 254 178 49 grounds
543 254 44 36 of

68 321 44 25 or
126 312 309 47 incompetence,
450 310 134 49 Shepp
602 312 146 43 added,
761 312 72 35 but
849 312 82 35 that
946 323 38 24 re-

69 367 129 49 quires
211 365 66 36 the
290 367 192 49 approval
496 367 44 36 of
550 367 66 36 the
628 367 263 49 department,
906 369 72 35 Uni-

68 425 156 47 versity
247 424 216 36 President
488 425 150 35 Vartan
663 425 244 49 Gregorian,
932 425 69 35 the

69 480 143 36 Brown
235 480 274 49 Corporation
532 480 80 38 and
636 480 148 50 maybe
806 494 106 24 even
932 480 69 38 the

68 542 142 30 courts.

124 594 252 38 Translation:
395 595 36 35 A
449 594 167 38 tenured
636 594 200 50 professor
857 598 31 33 is
909 595 90 36 here

68 655 39 31 to
121 655 90 46 stay.
228 650 72 36 But
315 650 68 36 the
395 663 161 38 process
572 654 30 33 is
617 657 69 31 not
702 665 50 22 an
767 665 93 36 easy
874 665 88 24 one.

364 707 198 36 Research
578 709 123 35 Rules

124 764 80 36 The
216 769 137 31 tenure
364 776 159 38 process
535 764 61 38 for
608 765 230 36 Economics
850 765 129 50 profes-

68 831 83 25 sors
167 819 139 50 begins
321 820 120 38 when
458 820 65 38 the
542 824 208 35 instructor
767 822 79 36 and
863 827 137 31 tenure

66 879 224 35 committee
302 877 146 36 choose
463 890 19 24 a
496 877 63 38 list
570 877 43 38 of
624 879 145 50 people
781 880 39 35 in
833 879 66 36 the
910 891 88 38 pro-

68 934 146 36 fession
228 934 94 36 who
340 946 63 24 are
419 935 60 36 dis-

68 991 254 50 tinguished
353 992 44 35 in
427 991 71 36 the

68 1049 249 36 instructor's
339 1060 159 25 narrow

68 1117 87 25 area
165 1104 44 38 of
217 1106 187 36 research.
419 1106 79 36 The

68 1164 206 35 instructor
288 1164 31 35 is
334 1162 94 36 then
443 1175 38 24 re-

68 1219 134 50 quired
213 1225 41 31 to
263 1219 121 38 solicit
394 1222 83 47 posi-

68 1277 85 35 tive
176 1277 293 36 recommenda-

68 1335 102 36 tions
189 1332 102 39 from
310 1334 110 38 these
441 1346 38 25 re-

66 1391 211 36 searchers
301 1395 43 31 to
367 1403 131 38 prove

66 1447 83 38 that
167 1447 65 38 the
250 1449 247 36 instructor's

68 1504 173 38 research
252 1507 30 33 is
294 1506 202 49 respected

66 1564 43 35 in
132 1561 69 38 the
225 1564 271 49 community.

68 1617 55 47 By
176 1617 72 38 the
301 1620 118 41 time,
476 1631 20 24 a

66 1676 236 50 professor's
324 1676 173 36 renewal

66 1731 162 50 hearing
244 1734 30 35 is
288 1732 121 49 being
424 1732 227 38 conducted
665 1734 50 36 he
729 1746 46 24 or
789 1734 71 36 she
872 1732 124 38 needs

66 1794 39 31 to
120 1789 101 36 have
235 1789 225 50 completed
474 1791 153 35 several
641 1802 154 38 papers.

66 1858 44 24 or
306 1846 68 36 the
386 1849 143 46 saying
542 1858 107 38 goes.

123 1902 35 36 If
165 1902 65 36 the
241 1902 290 50 departmental
542 1906 225 35 committee
778 1906 31 35 is
820 1902 175 38 satisfied

65 1959 98 38 with
173 1959 65 38 the
250 1959 252 38 researchers'
515 1961 192 49 approval
721 1961 79 36 and
813 1961 107 38 finds
932 1961 65 38 the

66 2016 244 38 instructor's
329 2016 183 52 teaching
531 2016 99 38 level
649 2020 263 47 appropriate,
932 2017 65 36 the

65 2076 224 35 committee
301 2074 137 38 makes
452 2085 19 27 a
485 2074 203 38 favorable
699 2076 269 36 recommenda-

65 2132 85 36 tion
169 2135 43 31 to
231 2131 66 36 the
320 2132 126 36 entire
469 2131 266 50 department.
761 2132 173 36 Because
954 2131 43 38 of

65 2187 173 38 Brown's
249 2198 101 38 poor
359 2189 183 49 teaching
551 2189 258 43 evaluations,
820 2189 175 36 research

65 2243 71 38 has
150 2243 66 38 the
228 2257 131 38 upper
372 2244 109 38 hand
498 2247 39 33 in
551 2244 66 38 the
631 2244 85 38 first
732 2247 150 35 review.

121 2301 102 36 That
246 2312 96 38 may
365 2306 72 31 not
460 2301 52 36 be
535 2313 44 24 as
603 2302 271 36 unfortunate
898 2313 44 25 as
967 2304 28 33 it

65 2369 139 31 seems,
214 2357 239 36 Henderson
465 2357 98 36 said.
759 2361 30 35 is
802 2372 19 24 a
835 2359 161 36 lifetime

403 2414 52 36 he
479 2414 101 36 said.
734 2414 104 36 have
861 2419 41 31 to
923 2416 72 35 ask

65 2469 107 38 what
184 2469 101 38 their
298 2469 184 50 teaching
498 2472 33 35 is
545 2472 123 47 going
682 2477 41 31 to
737 2471 49 38 be
802 2472 77 36 like
893 2474 41 33 in
950 2472 44 36 20

230 2526 33 38 If
279 2539 20 25 a
317 2528 241 49 professor's
576 2529 175 35 research
770 2529 31 35 is
819 2540 107 38 poor,
946 2529 49 35 he

65 2583 101 44 said,
350 2584 233 36 usefulness
603 2586 35 35 is
660 2584 227 38 somewhat
907 2586 66 36 lim-

121 2696 80 38 The
211 2698 165 38 tenured
387 2698 220 49 professors
619 2701 41 35 in
671 2699 65 36 the
746 2699 247 49 department

63 2754 164 49 provide
236 2754 65 36 the
310 2754 145 36 second
466 2754 140 36 hurdle
617 2767 49 24 an
677 2757 203 35 instructor
890 2761 104 31 must

63 2809 109 39 clear.
195 2811 186 50 Building
402 2824 54 25 on
476 2813 68 36 the
564 2814 261 36 committee's
846 2825 124 25 recom-

63 2868 238 44 mendation,
312 2868 65 36 the
387 2868 71 36 full
469 2868 246 52 department
724 2874 112 31 votes
846 2876 41 31 to
896 2869 98 36 send

63 2923 66 39 the
142 2926 246 36 instructor's
400 2926 235 38 credentials
647 2931 41 33 to
699 2926 236 38 CONFRAT

63 2981 66 36 the
145 2981 260 50 University's
424 2981 239 38 Committee
680 2995 54 24 on
750 2983 157 50 Faculty
924 2984 47 35 Re-

63 3039 304 49 appointment
392 3039 85 36 and
504 3041 161 36 Tenure
693 3041 301 44 (CONFRAT),

63 3094 131 36 which
209 3096 31 35 is
254 3094 157 36 chaired
427 3094 54 49 by
494 3094 145 49 Shepp.

121 3150 244 46 CONFRAT,
383 3154 41 33 in
439 3156 104 39 turn,
561 3153 137 38 makes
715 3164 20 27 a
754 3164 214 27 recommen-

63 3208 139 36 dation
213 3213 41 31 to
268 3208 66 36 the
348 3208 176 44 Provost,
539 3208 66 36 the
619 3209 261 50 University's
893 3208 102 38 chief

63 3265 198 38 academic
271 3265 139 38 officer.
420 3266 82 36 The
513 3268 161 35 Provost
685 3266 148 36 affirms
844 3266 63 36 the
918 3279 57 24 rec-

63 3320 302 38 ommendation
376 3321 80 36 and
471 3321 123 36 sends
608 3324 28 33 it
649 3328 39 31 to
702 3323 65 36 the
781 3323 211 36 President.

63 3376 80 38 The
161 3376 203 38 President
381 3376 137 50 brings
539 3381 28 35 it
586 3383 43 33 to
646 3380 66 36 the
732 3380 261 49 Corporation

65 3433 206 49 (although
280 3444 162 25 sources
454 3433 88 36 said
553 3433 77 38 this
643 3436 31 35 is
687 3447 20 24 a
720 3447 107 24 mere
836 3435 135 36 formal-

63 3490 55 47 ity
126 3488 167 38 because
304 3490 65 36 the
380 3493 250 46 corporation
639 3493 31 35 is
682 3502 47 25 so
740 3491 55 36 far
806 3491 187 38 removed

63 3545 104 36 form
180 3545 66 36 the
258 3546 424 49 micro-management
694 3546 44 36 of
750 3546 66 36 the
830 3548 142 36 Univer-

63 3602 90 49 sity)
167 3600 79 38 and
261 3614 113 36 upon
386 3602 85 38 that
483 3603 194 49 approval
690 3616 22 24 a
726 3603 198 49 professor
939 3616 38 25 re-

63 3658 128 36 ceives
209 3660 148 35 tenure.
376 3658 80 36 The
476 3660 123 35 entire
617 3671 159 36 process
794 3671 94 38 may
906 3660 88 35 take

63 3724 55 38 up
132 3717 41 31 to
184 3712 80 36 five
277 3713 173 43 months,
465 3713 213 50 according
690 3720 43 31 to
745 3715 246 38 Henderson.

120 3769 203 49 Typically,
337 3769 134 50 Shepp
487 3770 98 44 said,
600 3770 121 38 when
734 3783 20 25 a
770 3772 154 36 teacher
939 3783 36 25 re-

63 3825 128 35 ceives
206 3828 150 39 tenure,
372 3825 50 36 he
439 3838 44 24 or
501 3825 71 36 she
589 3828 33 35 is
638 3827 209 49 promoted
865 3833 41 30 to
920 3828 49 35 As-

63 3880 146 35 sociate
230 3880 213 36 Professor.
463 3882 211 49 Attaining
696 3882 71 36 full
789 3883 205 47 professor

61 3939 124 33 status
205 3937 172 47 requires
397 3937 165 36 another
581 3939 58 35 six
658 3943 39 30 to
718 3943 66 31 ten
802 3951 113 36 years
932 3939 61 36 for

1071 148 104 31 most
1195 143 282 49 departments,
1499 145 132 50 Shepp
1654 146 96 35 said.
1775 146 71 36 But
1866 150 128 46 again,

1071 200 79 35 that
1161 202 31 35 is
1202 206 69 30 not
1280 202 181 35 uniform.
1472 203 43 33 In
1526 202 63 36 the
1602 203 222 36 Economics
1835 205 137 47 Depart-

1071 260 118 39 ment,
1202 257 120 36 when
1332 269 22 24 a
1369 258 191 36 teacher's
1572 263 170 31 contract
1754 260 30 35 is
1798 260 195 43 renewed,

1071 312 82 36 that
1162 324 145 38 person
1320 317 31 33 is
1364 315 208 49 promoted
1584 320 41 31 to
1633 317 203 36 Associate
1846 317 128 36 Profes-

1069 381 71 25 sor.
1156 370 128 36 When
1298 370 65 38 the
1376 370 153 38 teacher
1543 373 167 35 receives
1724 376 148 39 tenure,
1888 372 49 36 he
1950 384 44 25 or

1069 425 69 38 she
1154 428 30 33 is
1202 428 208 47 promoted
1425 433 39 31 to
1480 427 69 36 full
1565 428 203 49 professor.

1313 485 197 47 Teaching
1524 485 225 36 Incentives

1126 540 145 38 Where
1291 540 104 38 from
1416 542 131 36 there?
1569 543 112 36 Once
1701 554 20 25 a
1745 543 156 36 teacher
1921 543 69 38 has

1069 597 187 36 achieved
1279 598 71 35 full
1369 598 198 49 professor
1586 605 123 30 status
1729 598 98 36 with
1846 605 145 38 tenure,

1068 654 117 36 what
1222 657 241 35 incentives
1501 658 187 33 remain?
1724 657 145 49 Shepp
1907 658 83 36 and

1069 710 236 36 Henderson
1323 723 109 25 came
1449 724 54 38 up
1520 712 98 36 with
1633 718 82 30 two
1794 713 126 50 salary
1937 715 36 35 in-

1068 780 154 25 creases
1246 769 80 36 and
1350 769 304 38 old-fashioned
1679 770 115 49 pride
1816 772 43 35 in
1880 772 110 36 one's

1066 824 121 35 work.

1178 880 112 38 think
1306 882 106 38 there
1427 885 31 35 is
1472 885 233 35 motivation
1721 883 60 36 for
1794 885 143 47 people
1951 890 39 30 to

1065 1735 99 49 keep
1178 1735 124 50 doing
1313 1748 43 24 as
1367 1737 90 35 well
1471 1748 41 25 as
1524 1737 93 49 they
1628 1750 72 24 can
1712 1737 169 36 because
1891 1737 96 36 their

1065 1791 128 52 salary
1202 1794 191 36 increases
1403 1806 61 24 are
1476 1794 143 38 related
1631 1798 39 33 to
1680 1794 107 38 what
1798 1794 91 49 they

1065 1849 132 49 Shepp
1213 1850 96 35 said.
1402 1850 77 36 few
1493 1861 113 38 years
1619 1850 98 36 with
1732 1863 20 24 a
1769 1850 77 36 low
1863 1850 124 50 salary

1065 1907 172 36 increase
1255 1906 135 38 affects
1409 1907 106 36 them
1534 1907 50 36 all
1602 1907 101 38 their
1720 1907 107 38 lives.
1847 1909 102 36 With
1967 1920 20 25 a

1063 1962 123 36 lower
1203 1964 129 49 salary
1350 1965 181 43 increase,
1550 1964 107 36 there
1674 1965 31 35 is
1723 1976 22 24 a
1764 1964 118 38 lesser
1898 1976 68 25 con-

1063 2019 186 38 tribution
1258 2025 39 31 to
1307 2033 101 36 your
1417 2024 217 35 retirement
1644 2020 98 38 fund
1753 2022 50 49 by

1121 2077 94 36 And
1239 2077 214 52 according
1476 2083 39 31 to
1537 2077 148 52 Shepp,
1707 2080 109 35 since
1836 2077 61 38 his
1921 2091 44 38 ap-

1063 2137 224 46 pointment
1299 2146 43 25 as
1359 2135 110 36 Dean
1480 2135 140 50 began,
1636 2135 181 50 teaching
1830 2146 131 39 compe-

1063 2195 110 31 tence
1186 2191 72 36 has
1271 2191 146 50 played
1431 2205 22 24 a
1468 2197 150 46 greater
1631 2192 79 36 role
1723 2194 41 35 in
1778 2192 186 38 determin-

1063 2250 68 46 ing
1151 2247 148 50 faculty
1320 2250 131 35 raises.
1641 2249 71 36 has
1732 2250 101 35 been
1854 2261 107 25 move-

1063 2309 107 31 ment
1184 2304 175 38 towards
1375 2307 217 47 increasing
1606 2306 143 36 reform
1764 2318 118 36 every
1896 2318 91 36 year

1063 2364 106 33 since
1186 2362 16 35 I
1419 2362 52 36 he
1488 2364 98 43 said,
1811 2364 176 36 research

1063 2416 79 38 and
1159 2416 183 52 teaching
1357 2417 148 50 quality
1523 2417 102 38 alike
1641 2420 39 35 in
1698 2417 146 50 faculty
1860 2419 128 50 salary

1120 2531 134 36 When
1276 2531 140 50 Shepp
1441 2532 220 36 instituted
1685 2532 69 36 the
1778 2532 206 38 reformed

1061 2587 134 49 policy,
1337 2589 143 49 caught
1488 2589 98 36 their
1830 2591 50 35 he
1890 2591 94 36 said.

1263 2644 143 50 people
1419 2644 82 38 also
1513 2644 101 39 have
1627 2646 224 50 something
1863 2646 123 38 called

1236 2702 135 50 Shepp
1394 2702 148 36 added.
1720 2702 30 36 if
1769 2715 83 38 you
1872 2702 113 39 don't

1061 2757 101 36 need
1183 2757 65 38 the
1265 2770 153 38 money,
1436 2759 79 36 and
1534 2761 14 35 I
1567 2772 99 36 gave
1683 2772 82 38 you
1783 2772 20 25 a
1820 2772 91 25 zero
1931 2764 38 33 in-

1061 2827 128 25 crease
1202 2816 60 36 for
1271 2816 82 36 that
1364 2822 85 44 part
1460 2816 43 38 of
1510 2828 101 39 your
1619 2816 113 38 work
1742 2817 82 36 that
1835 2817 150 38 defines

1061 2871 192 50 teaching,
1274 2872 83 38 that
1376 2872 110 38 hurts
1506 2885 99 38 your
1625 2874 123 50 pride.
1770 2876 30 36 It
1819 2874 83 38 also
1921 2876 43 36 be-

1061 2940 131 25 comes
1203 2929 146 36 known
1361 2935 41 31 to
1411 2943 99 38 your
1520 2931 228 50 colleagues.
1759 2931 135 38 You're
1904 2931 82 38 also

1061 2991 69 31 not
1150 2986 120 49 being
1288 2998 22 25 a
1331 2998 98 38 very
1446 2987 109 49 good
1575 2991 151 33 citizen.
1746 2987 93 38 And
1861 2991 39 35 in
1921 2989 65 36 the

1061 3043 94 50 long
1170 3054 85 31 run,
1271 3044 28 35 it
1315 3043 150 38 reflects
1479 3043 99 38 back
1592 3057 54 24 on
1660 3044 184 50 yourself.
1860 3044 126 38 Those

1061 3098 181 38 chickens
1254 3112 71 24 can
1335 3112 112 25 come
1457 3101 120 36 home
1586 3104 41 33 to
1636 3106 106 31 roost
1753 3102 41 35 in
1803 3112 22 25 a

1202 3154 58 38 lot
1280 3154 44 38 of
1345 3157 28 35 it
1395 3157 33 35 is
1628 3156 243 38 Henderson
1893 3170 69 25 con-

1061 3211 151 38 curred.
1239 3213 154 38 "That's
1416 3213 96 50 why
1532 3225 63 25 we
1616 3225 137 25 screen
1773 3214 146 50 people
1942 3227 44 24 so

1060 3268 194 52 carefully.
1265 3269 139 38 You're
1416 3269 162 50 looking
1591 3271 60 36 for
1661 3271 145 49 people
1816 3271 94 38 who
1923 3283 63 25 are

1060 3324 99 38 both
1170 3329 172 33 creative
1356 3326 79 38 and
1450 3337 65 27 are
1528 3329 124 47 going
1663 3331 43 33 to
1720 3329 153 35 sustain
1885 3329 101 35 their

1118 3438 145 49 Surely,
1279 3438 106 44 then,
1398 3439 184 49 teaching
1595 3444 258 46 competence
1868 3443 31 35 is
1913 3443 47 35 im-

1060 3499 161 44 portant
1233 3499 41 31 to
1288 3507 20 24 a
1324 3496 143 36 Brown
1480 3496 208 49 professor.
1704 3498 72 36 But
1791 3496 82 38 that
1887 3496 98 38 does

1060 3554 71 31 not
1142 3550 96 38 hide
1250 3550 66 38 the
1332 3550 76 38 fact
1420 3551 83 38 that
1517 3556 43 33 to
1570 3564 96 25 earn
1679 3553 66 38 the
1759 3553 102 49 right
1874 3557 41 33 to
1929 3565 38 25 re-

1060 3608 109 35 main
1191 3617 20 25 a
1235 3608 142 35 Brown
1397 3608 203 50 professor
1619 3608 63 38 for
1702 3608 77 44 life,
1802 3608 183 52 teaching

1060 3661 110 36 takes
1186 3674 22 25 a
1222 3661 186 39 backseat
1424 3668 41 33 to
1480 3665 189 36 research.
1683 3665 93 38 And
1792 3665 121 38 while
1929 3677 38 25 re-

1060 3718 131 36 search
1211 3720 31 35 is
1261 3720 178 36 essential
1458 3724 39 31 to
1517 3732 22 24 a
1559 3720 230 50 professor's
1808 3721 176 50 teaching

1058 3773 213 50 capability,
1291 3775 66 36 the
1376 3776 224 49 University
1617 3781 106 33 must
1742 3776 159 38 balance
1921 3778 63 38 the

1058 3835 154 43 present
1224 3833 150 46 against
1383 3831 63 36 the
1455 3831 139 36 future.
1606 3833 184 36 Research
1802 3835 31 35 is
1844 3835 118 49 impor-

1058 3890 82 31 tant
1153 3885 58 36 for
1225 3885 65 36 the
1304 3885 137 44 future,
1454 3887 69 38 but
1539 3888 139 36 Brown
1690 3894 104 31 must
1808 3888 135 38 decide
1957 3890 28 36 if

1058 3943 28 35 it
1098 3943 33 35 is
1143 3942 214 49 sacrificing
1370 3943 65 38 the
1446 3950 154 41 present
1613 3945 60 36 for
1685 3945 65 36 the
1761 3945 137 36 future.

802 1090 162 50 treat
1002 1080 361 60 excellence
1403 1083 57 57 in
1501 1083 290 79 teaching
1828 1085 120 58 and

617 1172 272 60 research
921 1192 79 39 on
1028 1192 35 39 a
1093 1192 104 58 par
1224 1173 142 60 with
1395 1173 148 60 each
1575 1175 172 58 other
1773 1175 175 58 when

614 1265 219 77 setting
868 1265 225 76 faculty
1131 1265 260 58 salaries.
1433 1271 107 54 But
1578 1268 54 57 in
1669 1276 181 49 terms
1888 1268 65 58 of

613 1364 228 63 tenure,
863 1354 101 60 the
984 1354 219 79 quality
1224 1356 65 60 of
1304 1356 364 77 scholarship
1690 1359 258 57 receives

613 1466 33 38 a
672 1455 233 69 greater
931 1447 298 76 emphasis
1254 1447 142 58 than
1422 1449 279 77 teaching
1724 1449 203 60 does/'

976 1543 183 72 Bryan
1187 1537 214 79 Shepp,
1435 1545 165 54 Dean
1628 1540 65 58 of
1718 1540 230 77 Faculty

1517 4035 72 76 3

2134 112 457 140 Survey

2121 291 299 49 continued
2438 291 143 50 from
2598 294 134 61 Page
2756 296 17 47 1
