3126 4141
195 72 965 233 Learning
1219 88 224 170 to
1507 66 657 192 Teach

186 334 183 57 What
389 343 172 63 steps
584 332 157 57 does
762 334 224 54 Brown
1005 328 139 58 take
1165 337 65 49 to
1252 329 161 55 train
1431 329 77 55 its
1531 324 298 77 graduate
1850 324 288 58 students
2161 324 129 57 and
2307 343 282 55 younger
2611 323 350 76 professors
2983 331 61 49 to

189 424 184 58 teach
488 422 128 60 and
638 431 63 49 to
724 420 159 76 keep
907 422 77 55 its
1003 430 254 47 veteran
1279 417 348 76 professors
1647 417 162 57 from
1830 419 236 72 getting
2085 417 198 72 rusty?
2307 414 247 58 Celeste
2570 416 339 57 Tarricone

192 517 279 74 explores
493 515 107 57 the
624 517 228 55 Center
872 512 94 57 for
984 510 472 58 Advancement
1479 507 69 60 of
1564 507 247 76 College
1828 507 307 74 Teaching
2156 507 128 57 and
2306 506 180 58 other
2507 507 351 72 University

191 624 323 41 resources
534 605 96 58 for
650 603 296 72 teaching
965 605 479 71 improvement.

194 721 123 157 E

334 739 79 24 ven
435 731 38 31 at
494 739 22 24 a
539 724 139 36 school
701 724 85 36 that
808 724 71 36 has
902 724 96 47 long
1019 723 102 36 been

335 784 148 36 lauded
506 783 60 36 for
586 786 47 33 its
655 784 276 35 commitment
951 786 38 30 to
1011 780 110 36 teach

321 838 2 50 !
335 843 79 46 ing,
435 839 107 36 there
564 841 31 35 is
614 838 77 38 still
713 850 112 24 room
847 838 58 36 for
926 839 195 47 improve-

191 902 118 31 merit.
329 898 90 36 This
439 898 244 49 philosophy
704 899 31 33 is
756 896 66 36 the
841 894 157 49 driving
1019 893 102 38 force

189 954 146 38 behind
345 953 146 38 several
504 954 214 47 university
728 964 203 38 programs
943 951 79 35 that
1031 951 91 35 seek

192 1017 38 31 to
243 1011 96 36 offer
351 1011 219 50 professors
581 1009 79 38 and
674 1009 191 49 graduate
876 1008 181 38 students
1068 1020 36 24 re-

192 1080 156 25 sources
370 1072 39 31 to
430 1068 93 49 help
543 1066 110 36 them
674 1069 183 47 improve
876 1065 99 36 their
997 1065 104 35 teach-

192 1128 76 49 ing.
283 1124 206 50 Although
507 1124 140 36 Brown
663 1124 98 36 does
776 1128 69 33 not
860 1123 101 36 have
978 1134 20 25 a
1014 1134 82 24 man-

194 1183 137 49 datory
340 1181 151 38 teacher
502 1183 169 47 training
680 1192 195 38 program,
888 1178 65 36 the
962 1178 139 36 Univer-

194 1243 76 47 sity
291 1241 90 35 tries
405 1244 41 31 to
466 1244 128 30 create
616 1250 50 24 an
688 1239 282 33 environment
991 1236 132 36 where

194 1296 180 49 teaching
392 1299 31 33 is
443 1294 260 50 emphasized
724 1293 79 38 and
822 1293 219 50 professors
1061 1304 61 24 are

194 1353 249 50 encouraged
460 1359 41 30 to
518 1351 129 38 reflect
663 1364 54 25 on
734 1351 79 36 and
830 1351 180 36 evaluate
1027 1350 96 36 their

194 1422 93 25 own
301 1411 283 49 performance.

254 1468 181 38 Brown's
458 1466 198 38 selection
683 1479 43 24 as
750 1465 69 38 the
843 1465 175 36 number
1041 1469 83 30 two

195 1524 180 49 teaching
391 1524 217 47 university
622 1524 54 47 by
694 1523 80 36 U.S.
794 1523 109 35 News
918 1521 71 36 and
1006 1520 118 36 World

195 1583 129 49 Report
335 1583 71 36 has
420 1586 69 33 not
502 1581 120 36 made
633 1581 68 36 the
712 1580 228 49 University
953 1578 150 49 compla-

195 1644 98 38 cent,
312 1650 41 24 as
373 1639 27 35 it
419 1639 205 35 continues
646 1643 38 30 to
702 1636 159 49 expand
882 1638 47 35 its
948 1636 153 35 commit-

195 1701 107 33 ment
318 1701 41 33 to
376 1696 150 49 quality
543 1693 323 50 undergraduate
883 1694 241 35 instruction.

195 1753 106 36 Now
317 1764 109 25 more
441 1751 96 36 than
553 1764 99 31 ever,
669 1751 66 36 the
751 1751 227 47 University
995 1751 31 35 is
1043 1754 63 44 tap-

195 1813 98 49 ping
304 1820 200 27 resources
518 1820 129 25 across
660 1808 49 38 all
723 1808 146 47 faculty
883 1806 77 36 and
975 1806 126 36 admin-

197 1869 173 35 istrative
387 1866 96 36 lines
504 1868 39 35 in
564 1865 117 38 order
698 1871 41 30 to
757 1865 120 36 drum
894 1876 57 38 up
970 1865 157 35 interest

197 1926 41 35 in
252 1924 181 49 teaching
447 1924 80 36 and
543 1924 123 36 foster
680 1924 167 35 creative
865 1921 79 36 and
959 1920 146 38 collabo-

197 1984 121 35 rative
334 1981 134 36 efforts
483 1986 41 31 to
539 1980 137 38 devise
691 1992 90 24 new
798 1978 181 50 teaching
995 1983 113 30 strate-

197 2041 82 49 gies
294 2038 60 38 for
370 2038 219 52 professors
605 2043 41 31 to
661 2049 82 25 use.
761 2038 72 35 But
847 2036 120 36 while
983 2035 145 50 faculty

198 2109 63 25 are
274 2096 252 49 encouraged
540 2099 41 33 to
595 2098 244 47 experiment
854 2093 99 36 with
965 2094 140 35 innova-

197 2157 77 33 tive
285 2156 195 39 activities,
491 2153 96 36 such
598 2165 43 24 as
652 2153 244 36 one-minute
906 2162 132 38 essays
1047 2151 80 35 that

198 2211 117 36 allow
334 2211 181 36 students
535 2213 39 33 in
592 2208 361 50 large-enrollment
970 2219 157 25 courses

198 2272 41 33 to
260 2269 293 36 communicate
576 2266 98 36 with
696 2266 101 36 their
820 2265 222 50 professors
1065 2266 63 33 via

197 2326 170 49 writing,
386 2324 65 36 the
468 2324 181 49 teaching
666 2324 250 46 community
934 2326 36 31 at
989 2321 140 36 Brown

198 2384 33 35 is
254 2381 83 38 also
359 2381 164 49 looking
543 2380 164 50 beyond
729 2378 276 50 cutting-edge
1025 2378 83 35 tech-

198 2439 153 41 niques.
375 2438 80 35 The
476 2438 150 49 faculty
647 2438 31 35 is
701 2436 165 49 looking
885 2435 143 36 within
1050 2435 79 36 and

200 2498 235 46 attempting
444 2499 41 31 to
496 2494 187 36 establish
696 2506 20 24 a
728 2491 181 38 network
920 2491 41 36 of
970 2502 137 25 conver-

200 2553 129 36 sation
351 2551 123 36 about
493 2551 198 47 teaching,
713 2561 43 25 as
778 2561 79 25 one
876 2548 44 38 of
939 2548 66 36 the
1027 2551 104 33 most

200 2608 183 38 valuable
400 2620 202 24 resources
622 2606 60 38 for
701 2619 20 24 a
743 2606 153 36 teacher
918 2608 31 33 is
969 2603 162 38 another

202 2665 191 38 teacher's
406 2666 241 49 experience.

353 2723 148 47 having
517 2734 93 36 peer
625 2723 145 35 review
786 2720 44 36 of
843 2718 192 50 teaching,
1052 2731 79 38 you

202 2791 222 38 encourage
447 2778 189 50 dialogue
658 2778 80 35 and
761 2778 227 35 discussion
1011 2775 121 38 about

443 2836 87 36 said
553 2836 113 36 Dean
687 2835 43 38 of
750 2835 66 36 the
838 2833 159 49 Faculty
1019 2833 113 35 Brian

203 2893 150 50 Shepp.
524 2904 145 24 covers
694 2891 68 35 the
787 2890 173 50 stylistic
986 2891 146 39 issues,

203 2951 134 35 which
359 2962 99 36 vary
483 2950 104 36 from
609 2950 224 36 classroom
857 2950 277 47 presentation

205 3006 117 49 styles
343 3013 39 30 to
402 3006 65 36 the
487 3005 285 50 development
791 3003 43 36 of
850 3003 189 36 excellent
1058 3003 57 49 syl-

205 3065 87 35 labi.
317 3065 113 35 More
450 3063 268 49 importantly,
742 3061 121 36 when
883 3060 150 47 faculty
1055 3060 80 36 talk

205 3120 120 38 about
335 3118 194 50 teaching,
543 3118 91 50 they
647 3118 83 36 also
743 3117 79 36 talk
835 3117 121 36 about
969 3117 63 35 the
1044 3117 68 35 sub-

205 3181 129 31 stance
343 3176 43 36 of
395 3176 63 36 the
469 3176 91 36 field
575 3176 77 36 and
665 3176 63 35 the
739 3186 90 38 way
839 3175 80 35 that
932 3173 203 36 substance

205 3233 148 38 should
376 3231 49 38 be
447 3231 244 36 manifested
715 3233 41 33 in
778 3241 175 25 courses.
978 3230 157 47 Finally,

205 3290 121 36 we're
348 3290 169 47 looking
540 3290 61 35 for
622 3299 117 38 ways
762 3290 41 33 in
825 3287 137 36 which
984 3287 151 47 faculty

206 3345 195 38 members
417 3357 72 24 can
506 3350 65 46 get
586 3343 192 36 feedback
792 3343 102 36 from
910 3343 99 35 their
1024 3353 112 38 peers

206 3405 41 33 in
266 3414 112 36 ways
400 3406 39 31 to
461 3403 183 47 improve
666 3402 99 35 their
787 3400 202 47 teachings
1013 3398 99 36 meth-

1197 2331 41 24 as
1252 2317 230 50 professors.
1498 2317 88 36 One
1598 2317 43 35 of
1654 2317 65 35 the
1732 2315 164 50 original
1910 2315 209 49 principles

1197 2376 65 35 the
1280 2375 132 36 CACT
1431 2386 83 25 was
1535 2373 178 36 founded
1731 2386 54 24 on
1802 2384 83 24 was
1904 2354 82 61 t|at
2003 2383 118 38 every

1197 2431 161 36 student
1378 2430 124 36 learns
1526 2430 227 49 differently,
1775 2430 79 35 and
1874 2441 50 24 an
1943 2428 178 36 effective

1197 2490 154 35 teacher
1381 2488 191 36 conducts
1589 2487 61 36 his
1668 2499 43 24 or
1726 2487 69 36 her
1813 2487 99 36 class
1928 2485 98 36 with-

1197 2550 109 46 spect
1318 2543 60 38 for
1389 2543 183 36 different
1583 2543 195 49 cognitive
1959 2542 85 36 said
2057 2542 65 36 the

1197 2603 181 35 Center's
1389 2605 154 33 current
1554 2600 173 43 director,
1740 2600 170 36 Rebecca
1923 2600 121 35 More.
2057 2598 44 36 To-

1198 2658 83 49 day,
1294 2658 65 36 the
1370 2658 140 36 Center
1521 2658 203 35 continues
1735 2661 39 30 to
1786 2660 178 46 promote
1976 2660 146 44 respect

1200 2717 58 35 for
1276 2717 183 35 different
1477 2715 176 47 learning
1672 2713 115 49 styles
1809 2712 169 49 through
1997 2712 106 36 teach-

1200 2775 66 46 ing
1274 2772 54 49 by
1337 2773 154 47 serving
1504 2783 41 25 as
1557 2783 19 24 a
1589 2770 291 50 clearinghouse
1891 2769 58 36 for
1961 2769 63 36 the
2035 2781 88 24 new

1200 2830 77 36 and
1294 2830 66 36 old
1378 2830 180 47 teaching
1570 2830 202 47 strategies
1787 2827 110 38 alike.

1258 2885 208 50 Relegated
1485 2890 39 31 to
1542 2898 19 24 a
1578 2883 112 38 small
1706 2883 117 36 office
1838 2885 38 33 in
1891 2883 65 36 the
1970 2882 129 36 Gradu-

1202 2950 60 30 ate
1276 2943 151 43 Center,
1443 2943 65 35 the
1521 2943 134 35 CACT
1671 2942 145 36 houses
1830 2953 52 25 an
1896 2943 230 46 impressive

1200 3000 205 36 collection
1424 3000 43 36 of
1483 2998 181 49 teaching
1683 2997 310 50 paraphernalia,
2013 3008 90 38 rang-

1202 3058 66 47 ing
1282 3057 101 35 from
1394 3055 118 36 video
1526 3060 110 44 tapes
1649 3060 39 30 to
1701 3055 181 47 teaching
1894 3054 180 36 manuals
2087 3057 39 33 to

1200 3113 178 36 booklets
1397 3124 54 24 on
1471 3112 180 49 teaching
1669 3110 228 49 techniques
1918 3109 79 36 that
2016 3109 110 36 other

1202 3170 169 49 colleges
1384 3169 153 36 around
1551 3169 65 35 the
1628 3172 165 44 country
1808 3178 61 25 are
1883 3169 126 47 using.

1203 3227 79 36 real
1304 3228 186 46 question
1510 3227 44 39 is,
1578 3236 61 24 are
1661 3236 101 36 your
1784 3222 342 50 undergraduates

1205 3283 173 49 learning
1387 3282 109 36 what
1507 3293 80 38 you
1598 3282 135 35 intend
1745 3285 41 31 to
1795 3280 112 36 teach
1918 3280 118 41 them,
2049 3279 77 36 and

1203 3340 91 35 how
1307 3339 52 36 do
1370 3351 79 35 you
1635 3337 109 36 More
1754 3335 94 36 said.
1865 3335 148 36 "That's
2022 3334 106 36 what

1203 3408 63 24 we
1287 3402 60 43 try
1367 3400 39 30 to
1428 3395 112 35 think
1561 3395 121 35 about
1701 3394 102 36 here.
1827 3394 120 36 We're
1969 3392 117 49 really
2107 3403 19 25 a

1205 3452 161 49 helping
1378 3452 77 36 and
1468 3450 225 49 facilitating
1706 3450 266 49 organization
1984 3447 58 36 for
2055 3447 55 36 fac-

1205 3509 83 49 ulty
1304 3507 77 36 and
1397 3507 191 50 graduate

1263 3565 79 35 The
1353 3565 143 35 Center
1507 3564 98 36 does
1616 3569 68 30 not
1694 3575 172 38 espouse
1877 3575 76 36 any
1964 3564 145 47 particu-

1205 3620 57 36 lar
1280 3620 241 50 philosophy
1542 3620 41 35 of
1600 3620 180 47 teaching
1798 3630 72 25 nor
1890 3619 96 36 does
2005 3620 27 33 it
2052 3619 58 35 dic-

1205 3682 82 31 tate
1309 3682 43 31 to
1373 3676 230 49 professors
1625 3676 110 36 what
1761 3674 66 36 the
1849 3672 280 50 cutting-edge

1206 3734 180 49 teaching
1395 3734 230 47 techniques
1638 3734 39 35 in
1687 3732 139 49 higher
1836 3731 209 38 education
2057 3743 72 24 are.

1206 3789 167 41 Instead,
1392 3791 112 35 More
1521 3787 79 36 and
1619 3787 65 36 the
1701 3787 112 36 other
1830 3786 91 36 staff
1937 3786 192 36 members

1205 3846 115 36 work
1342 3846 98 36 with
1463 3844 213 36 interested
1701 3844 148 47 faculty
1871 3843 197 36 members
2091 3847 38 31 to

1206 3901 172 47 identify
1398 3901 68 36 the
1490 3899 276 36 instructional
1787 3899 80 36 and
1891 3899 238 35 intellectual

2187 2313 112 49 goals
2312 2313 43 36 of
2367 2313 63 36 the
2444 2324 159 25 courses
2619 2313 91 49 they
2724 2312 112 38 teach
2849 2312 79 36 and
2943 2310 93 38 then
3047 2313 52 35 tai-

2187 2370 60 36 lor
2266 2383 22 24 a
2309 2383 88 24 new
2420 2370 180 50 teaching
2622 2369 94 50 plan
2737 2375 39 30 to
2797 2369 44 36 fit
2861 2369 113 36 those
2994 2369 102 49 objec-

2189 2430 109 33 tives.
2441 2427 90 49 goal
2550 2427 90 35 isn't
2655 2430 41 31 to
2712 2425 63 38 tell
2795 2425 143 50 people
2954 2425 107 38 what
3076 2430 43 31 to

2189 2483 66 43 do,
2266 2483 72 36 but
2353 2490 39 30 to
2405 2483 93 50 help
2512 2483 110 36 them
2635 2483 55 36 do
2701 2483 110 36 what
2824 2482 94 50 they
2931 2482 54 36 do

2189 2542 112 36 More
2310 2540 94 36 said.
2419 2540 150 36 "That's
2578 2551 22 25 a
2611 2540 140 36 critical
2761 2539 178 43 element,
2950 2537 79 38 and
3038 2537 80 38 that

2189 2600 33 33 is
2239 2597 66 36 the
2324 2598 140 35 Brown
2482 2597 244 50 philosophy
2808 2602 39 31 to
2866 2595 90 50 help
2975 2595 143 50 people

2191 2655 54 35 do
2258 2654 99 36 their
2372 2666 94 24 own

2247 2710 80 38 The
2340 2710 143 36 Center
2491 2710 192 36 conducts
2707 2710 121 36 about
2839 2710 46 36 80
2898 2707 220 38 individual

2191 2769 181 49 teaching
2384 2769 285 35 consultations
2683 2767 96 36 each
2794 2778 91 38 year
2901 2765 58 38 for
2972 2765 126 49 profes-

2191 2838 83 24 sors
2296 2825 93 36 who
2411 2830 154 44 request
2587 2825 118 36 them.
2726 2825 35 35 A
2778 2824 200 49 professor
2998 2822 77 38 and
3098 2835 20 25 a

2192 2882 191 50 graduate
2394 2882 161 35 student
2565 2893 55 24 on
2630 2882 68 35 the
2709 2882 135 35 CACT
2855 2879 91 38 staff
2956 2880 164 36 observe

2192 2951 20 25 a
2235 2939 99 38 class
2354 2939 140 49 taught
2513 2939 54 49 by
2587 2939 66 36 the
2674 2937 150 49 faculty
2844 2935 178 38 member
3041 2935 79 38 and

2192 2995 172 36 conduct
2384 3006 49 24 an
2454 2995 184 49 in-depth
2657 2995 173 47 analysis
2849 2994 43 36 of
2909 2994 61 36 his
2989 3003 44 27 or
3052 2992 68 38 her

2194 3052 180 47 teaching
2387 3052 98 47 style
2499 3052 79 36 and
2592 3052 93 36 how
2699 3050 183 38 students
2896 3049 170 50 respond
3080 3055 39 31 to

2194 3110 36 33 it.
2250 3107 106 50 They
2375 3107 91 36 then
2485 3107 88 50 help
2595 3107 65 36 the
2680 3107 142 49 faculty
2843 3106 172 38 member
3033 3117 66 25 con-

2194 3169 120 33 struct
2335 3178 19 24 a
2376 3164 93 50 plan
2490 3164 60 38 for
2570 3164 181 49 teaching
2770 3164 252 36 innovations
3041 3161 79 38 that

2195 3227 99 30 meet
2306 3220 63 36 the
2378 3220 120 36 needs
2507 3220 43 36 of
2556 3220 66 36 the
2630 3231 135 25 course
2776 3220 77 35 and
2865 3220 63 35 the
2935 3219 184 36 students.

2195 3279 28 36 It
2239 3280 31 35 is
2287 3290 49 25 an
2353 3280 146 35 intense
2513 3290 154 36 process
2683 3277 80 36 that
2780 3276 175 38 involves
2970 3288 22 24 a
3006 3277 94 47 rigor-

2195 3346 72 24 ous
2280 3335 272 49 interrogation
2564 3334 41 36 of
2616 3334 65 35 the
2693 3334 145 49 faculty
2847 3332 209 36 member's
3068 3334 35 35 in-

2195 3391 187 36 tellectual
2397 3391 151 49 agenda
2561 3391 79 36 and
2655 3391 195 36 academic
2865 3389 117 49 goals.

2307 3447 159 36 wanted
2483 3452 41 31 to
2540 3447 85 35 find
2643 3452 69 30 out
2726 3447 110 35 what
2852 3447 14 35 I
2880 3446 118 36 could
3014 3446 54 36 do
3083 3450 38 31 to

2197 3507 180 46 improve
2391 3517 68 36 my
2474 3504 181 49 teaching
2671 3502 80 38 and
2767 3517 68 35 my
2850 3501 271 50 relationships

2195 3561 98 35 with
2309 3561 66 35 the
2389 3561 192 35 students.
2600 3561 71 49 My
2687 3561 183 49 teaching
2883 3559 238 49 philosophy

2197 3620 33 33 is
2244 3617 82 36 that
2340 3617 180 36 students
2535 3617 102 36 need
2652 3620 39 33 to
2706 3617 50 36 be
2770 3614 208 50 presented
2992 3614 98 38 with
3102 3627 19 25 a

2195 3672 96 36 base
2307 3672 44 36 of
2365 3672 247 49 knowledge,
2631 3672 79 36 and
2729 3672 93 49 they
2839 3671 102 36 need
2957 3676 39 31 to
3014 3671 107 36 think

2198 3729 123 36 about
2343 3732 27 33 it
2392 3729 236 49 skeptically
2649 3729 80 36 and
2753 3728 217 50 creatively.
2994 3728 128 38 That's

2197 3786 94 47 why
2309 3786 14 35 I
2340 3786 104 35 liked
2461 3786 65 35 the
2543 3786 140 35 CACT.
2702 3786 109 47 They
2827 3784 117 36 knew
2961 3786 161 47 nothing

2198 3843 120 35 about
2331 3854 66 36 my
2409 3841 156 49 subject,
2578 3841 79 36 and
2669 3841 93 49 they
2773 3841 129 36 didn't
2913 3852 94 25 care.
3020 3841 101 49 They

2198 3909 104 25 were
2318 3898 165 47 actually
2499 3898 219 36 concerned
2734 3898 121 36 about
2868 3898 66 36 the
2946 3896 175 49 teaching

488 3517 203 31 Resource
709 3515 148 33 Center

266 3572 35 35 A
313 3570 202 49 sounding
528 3570 124 35 board
669 3569 60 36 for
743 3569 79 36 this
835 3581 91 22 new
940 3573 143 30 stream
1098 3567 39 36 of

208 3628 187 47 dialogue
406 3630 33 33 is
452 3627 66 36 the
531 3627 143 36 Center
688 3627 60 35 for
761 3625 66 36 the
838 3625 299 36 Advancement

208 3682 43 38 of
263 3682 161 50 College
436 3682 194 49 Teaching
646 3682 176 44 (CACT).
839 3680 244 36 Established
1099 3682 38 33 in

209 3740 94 35 1987
315 3740 52 47 by
381 3739 65 36 the
458 3739 77 36 late
548 3739 161 47 English
723 3737 200 49 professor
935 3737 77 35 and
1030 3737 107 35 Dean

209 3795 43 35 of
261 3795 65 35 the
337 3795 162 47 College
510 3795 156 35 Harriet
679 3794 203 41 Sheridan,
896 3794 65 35 the
973 3794 164 35 center's

209 3850 118 36 initial
337 3863 173 36 purpose
520 3861 83 25 was
613 3855 43 31 to
666 3852 87 47 give
764 3849 189 50 graduate
964 3849 173 35 students

211 3907 162 46 training
386 3907 38 35 in
435 3907 178 46 teaching
622 3910 41 31 to
674 3917 161 36 prepare
846 3906 107 35 them
964 3904 58 36 for
1030 3904 107 36 work

1657 3967 63 72 6
