3126 4141
310 150 2 61 CACHING
310 154 82 54 AT
417 154 243 57 BROWN

107 386 2 47 k
107 394 13 28 '

123 288 2 61 I
134 288 128 52 ollege
276 291 224 49 professors
515 294 113 36 teach
644 296 181 50 subjects,
843 298 96 52 high
954 299 137 38 school
1109 302 173 38 teachers
1299 306 110 36 teach

364 346 36 36 A
409 348 220 50 secondary
639 350 137 38 school
787 351 252 39 headmaster
1049 367 102 38 gave
1161 369 69 38 my
1241 357 80 36 dad
1334 359 76 38 this

123 394 2 55 '
135 397 139 38 advice
291 411 43 25 as
350 400 50 36 he
414 402 131 47 began
561 402 66 38 the
643 408 208 35 transition
866 406 104 38 from
984 409 194 39 graduate
1192 411 161 38 student
1370 419 39 30 to

0 450 68 65 igh
82 452 135 36 school
233 454 162 38 teacher.
411 455 80 38 The
506 457 243 52 underlying
761 472 183 39 message
956 463 43 36 of
1011 463 77 38 this
1102 465 205 50 aphorism
1320 471 33 35 is
1367 480 41 25 as

0 506 192 61 pplicable
206 512 41 31 to
263 509 150 50 college
427 512 220 47 professors
665 524 43 25 as
723 515 28 35 it
765 517 31 35 is
813 520 39 31 to
866 515 98 52 high
978 518 137 38 school
1131 521 184 36 teachers.
1332 523 76 36 Too

0 557 80 57 ften
91 561 219 50 professors
324 569 38 31 at
375 567 123 47 major
509 569 252 36 universities
772 581 63 25 are
847 583 110 25 more
969 575 219 36 concerned
1200 575 99 36 with
1309 576 99 38 their

0 616 146 65 isearch
159 616 94 38 than
265 617 93 50 they
369 631 65 24 are
444 620 98 36 with
553 620 192 52 devoting
756 627 93 36 time
861 630 39 33 to
912 627 214 52 educating
1135 628 247 52 undergradu-

0 671 60 58 tes.
72 671 115 35 What
197 672 33 35 is
241 672 230 50 impressive
482 676 120 36 about
613 677 65 36 the
688 677 164 38 thirteen
861 680 217 49 professors
1090 682 175 39 featured
1274 685 132 38 herein

13 723 85 36 that
109 723 94 52 they
214 737 65 25 are
291 729 233 38 committed
537 731 80 36 and
630 731 189 50 dynamic
830 734 175 38 teachers
1017 735 94 38 who
1124 739 77 36 still
1213 739 87 36 find
1313 742 93 36 time

0 778 30 49 >r
44 778 99 38 their
159 783 187 43 research,
362 784 80 35 and
457 784 110 36 often
581 786 107 36 excel
702 789 41 35 in
759 787 98 38 their
874 789 124 38 fields.

27 833 126 38 These
167 835 220 49 professors
405 849 63 25 are
482 838 54 50 by
553 850 52 25 no
620 852 139 25 means
775 843 65 36 the
857 844 96 49 only
965 855 98 25 ones
1077 846 94 38 who
1187 847 181 39 dedicate
1384 863 20 24 a

0 887 22 61 >t
41 887 44 36 of
101 888 94 36 time
214 893 41 31 to
274 888 99 38 their
392 891 192 50 teaching.
605 894 131 38 When
751 907 63 25 we
831 898 200 50 surveyed
1050 899 142 38 Brown
1211 902 194 46 students,

0 942 61 68 ley
74 942 146 38 named
235 956 94 25 over
343 946 71 36 130
428 946 184 38 different
624 950 222 49 professors
857 951 96 38 who
965 953 93 50 they
1071 954 69 38 felt
1151 967 106 25 were
1266 969 117 41 excep-

0 995 90 61 onal
107 997 184 38 teachers.
310 1000 80 36 The
406 1000 153 52 history
576 1002 252 52 department
844 1008 41 35 in
901 1009 211 47 particular
1128 1011 118 36 stood
1263 1017 80 38 out,
1361 1025 44 25 as

0 1050 102 63 early
123 1063 118 39 every
260 1065 77 25 one
357 1054 43 36 of
417 1057 47 35 its
485 1057 224 49 professors
726 1071 85 27 was
830 1063 231 36 mentioned
1080 1063 55 50 by
1154 1069 38 31 at
1213 1065 96 38 least
1326 1080 79 25 one

0 1106 139 36 udent.

25 1161 142 36 Brown
178 1162 134 49 prides
324 1164 106 36 itself
439 1176 52 25 on
501 1165 121 50 being
631 1180 22 24 a
1117 1184 20 25 a
1148 1175 110 49 place
1269 1175 132 39 where

2 1216 239 47 prestigious
257 1219 176 35 research
449 1219 146 52 faculty
611 1222 170 49 actually
795 1225 151 47 spends
961 1236 22 25 a
998 1228 224 47 significant
1236 1236 165 31 amount

2 1271 5 65 :
22 1271 96 35 time
135 1271 183 50 working
334 1272 98 36 with
449 1274 194 38 students.
661 1277 82 38 The
761 1279 140 36 results
918 1280 43 36 of
976 1293 72 24 our
1065 1294 153 38 survey,
1236 1285 77 36 and
1332 1298 68 38 my

2 1323 148 65 srsonal
162 1328 263 47 experiences,
441 1328 102 38 have
556 1332 220 36 convinced
791 1345 65 24 me
869 1334 83 36 that
965 1334 61 38 for
1039 1335 65 38 the
1118 1342 104 33 most
1235 1343 87 44 part
1335 1340 65 36 the

2 1378 191 50 niversity
213 1381 189 38 succeeds
422 1384 41 35 in
482 1386 173 49 proving
674 1387 49 35 its
743 1386 135 38 claims
901 1392 94 33 true.
1019 1391 107 38 Most
1145 1392 220 49 professors
1386 1395 13 35 I

2 1431 63 58 ive
76 1431 93 46 had,
180 1446 101 25 even
291 1436 113 36 those
414 1438 233 38 considered
660 1446 68 44 top
740 1443 172 38 scholars
924 1446 39 35 in
975 1444 99 36 their
1083 1446 106 43 field,
1202 1446 88 39 lead
1301 1449 99 38 their

2 1490 55 52 vn
76 1490 181 43 sections,
276 1490 123 50 grade
417 1504 157 38 papers,
594 1494 80 36 and
693 1496 90 36 take
802 1498 94 35 time
913 1504 71 30 out
1003 1504 39 31 to
1060 1499 80 38 talk
1159 1506 39 31 to
1216 1502 183 38 students

2 1540 121 66 itside
135 1542 43 36 of
191 1542 110 38 class.
317 1545 255 50 Admittedly,
587 1550 153 49 getting
753 1551 184 49 personal
953 1556 191 35 attention
1157 1554 102 38 from
1274 1567 20 25 a
1309 1569 66 38 pro-

3 1606 87 25 ssor
104 1595 109 38 often
228 1598 107 38 takes
353 1611 112 25 some
480 1602 202 44 initiative,
699 1603 71 38 but
786 1605 98 38 such
899 1611 290 46 opportunities
1205 1613 98 35 exist
1318 1613 79 36 and

2 1650 25 52 e
43 1650 170 50 actually
227 1654 107 49 quite
350 1666 189 25 common
553 1661 38 31 at
606 1658 153 36 Brown.

20 1704 80 36 The
121 1706 225 38 interviews
369 1710 39 35 in
428 1709 74 38 this
523 1712 102 36 issue
644 1712 113 38 show
776 1713 80 36 that
876 1715 106 36 there
1000 1718 30 35 is
1047 1729 55 25 no
1120 1718 183 38 standard
1324 1721 71 36 for-

6 1762 68 33 ula
98 1762 63 33 for
183 1773 52 24 an
257 1764 272 50 outstanding
553 1767 169 36 teacher,

2 1814 80 55 lese
91 1814 214 49 professors
317 1817 47 36 all
375 1819 161 50 employ
543 1819 180 39 different

2 1869 195 54 >proaches
208 1874 39 31 to
257 1871 189 52 teaching,
457 1874 77 36 and
545 1887 69 25 use
625 1888 22 24 a
657 1888 44 25 va-

2 1923 57 57 sty
79 1923 43 36 of
139 1924 230 50 techniques
389 1932 41 31 to
449 1940 153 39 engage
622 1931 99 36 their

2 1976 145 46 udents.
169 1980 135 38 Kamal
320 1983 279 38 Abdel-Malek
616 1997 79 25 com-

2 2044 71 25 nes
91 2033 146 38 Arabic
257 2036 101 36 with
378 2036 183 52 physical
583 2052 110 27 move-

2 2093 96 39 ents,
115 2088 80 36 Tori
213 2090 291 50 Haring-Smith
521 2106 90 27 uses
630 2107 66 25 one-

3 2142 113 36 inute
137 2154 137 38 essays
298 2150 41 33 to
361 2146 140 38 obtain
523 2148 197 38 feedback

2 2197 68 49 om
99 2197 74 38 her
203 2200 214 46 students,
447 2202 131 38 while
609 2205 109 36 Rose

2 2250 143 57 ibotnik
157 2254 69 36 has
239 2254 69 36 her
320 2255 98 38 class
430 2269 183 38 compare
624 2260 76 38 clas-

2 2306 46 44 :al
68 2309 124 35 music
213 2313 39 31 to
272 2309 65 36 the
357 2310 151 38 Violent
528 2313 187 36 Femmes,

2 2357 71 47 hat
91 2362 31 35 is
143 2361 99 38 clear
261 2362 102 39 from
384 2365 107 36 these
512 2378 183 27 conversa-

2 2416 58 57 >ns
82 2417 33 35 is
135 2416 83 38 that
239 2417 109 38 there
370 2420 33 35 is
424 2431 52 25 no
498 2422 129 49 single
647 2436 47 36 ap-

2 2469 98 36 oach
113 2471 129 36 which
257 2472 131 38 works
405 2472 60 38 for
479 2474 49 38 all
543 2477 173 38 teachers

2 2523 30 44 id
41 2523 96 36 with
146 2523 49 38 all
205 2526 184 38 students.
403 2528 178 39 Effective
591 2532 104 35 teach-

2 2576 11 60 -5
22 2576 101 39 have
132 2578 217 54 developed
361 2583 96 36 their
465 2595 93 25 own
569 2587 146 49 unique

2 2631 66 55 des
76 2633 128 38 which
213 2635 41 36 fit
263 2636 96 36 their
365 2639 260 47 personalities
636 2641 77 38 and

2 2688 16 57 e
30 2698 139 25 course
181 2688 93 50 they
287 2702 63 25 are
364 2691 187 50 teaching.
569 2694 61 36 It's
646 2706 68 39 my

2 2740 55 54 ipe
74 2740 80 38 that
170 2756 79 36 you
265 2745 157 49 explore
438 2748 94 36 each
548 2750 43 35 of
605 2750 109 36 these

5 2802 167 61 terviews
255 2802 79 35 and
353 2811 65 25 see
435 2802 93 36 how
545 2802 181 39 different
743 2806 94 36 each
855 2806 43 38 of
912 2808 107 38 these
1036 2809 214 49 professors
1268 2813 117 50 really

11 2904 115 38 What
139 2906 109 38 these
260 2909 233 49 professors,
507 2912 80 38 and
600 2913 113 36 other
726 2915 216 38 successful
953 2917 187 46 teachers,
1153 2920 54 38 do
1219 2920 113 38 share
1343 2923 41 35 in

5 2961 135 65 mmon
154 2962 33 35 is
205 2961 98 38 their
318 2967 164 46 passion
499 2965 60 36 for
575 2967 66 36 the
657 2967 169 52 subjects
841 2969 94 52 they
951 2972 123 44 teach,
1091 2984 20 27 a
1126 2978 139 47 strong
1277 2987 80 25 com-

5 3013 129 63 itment
153 3019 41 31 to
213 3019 165 47 passing
397 3019 77 36 this
494 3022 271 47 appreciation
786 3022 61 38 for
865 3024 101 38 their
984 3027 148 49 subject
1151 3039 54 25 on
1224 3033 41 33 to
1283 3028 101 39 their

5 3066 139 57 rdents.
157 3069 107 50 They
277 3071 55 36 do
345 3077 69 31 not
428 3074 148 49 simply
587 3076 118 38 stand
718 3077 134 38 before
865 3079 101 36 their
976 3080 143 38 classes
1134 3082 79 38 and
1227 3082 154 41 lecture,

5 3123 54 61 ley
74 3123 164 36 interact
252 3124 101 36 with
370 3126 99 38 their
487 3129 184 38 students
690 3132 79 35 and
787 3143 143 27 ensure
946 3134 83 38 that
1047 3134 93 50 they
1157 3148 65 25 are
1239 3139 120 36 under-

5 3175 132 65 inding
151 3176 66 36 the
230 3180 191 44 material,
436 3183 80 36 and
531 3187 71 31 not
613 3184 79 49 just
706 3184 214 52 absorbing
934 3187 247 52 knowledge.

6 3228 68 38 Yet
90 3230 43 36 of
145 3230 50 38 all
211 3231 65 38 the
291 3236 187 47 opinions
494 3238 214 49 expressed
726 3241 38 35 in
780 3239 112 39 these
906 3244 236 44 interviews,
1157 3257 77 25 one
1249 3246 134 39 theme

5 3285 66 55 eps
82 3285 209 52 surfacing.
309 3288 124 50 Many
444 3290 222 50 professors
680 3293 118 39 chose
813 3296 140 36 Brown
965 3309 44 24 or
1022 3298 145 38 choose
1178 3304 41 33 to
1230 3304 151 35 remain

9 3337 143 38 Brown
170 3339 173 39 because
364 3342 44 38 of
428 3343 66 38 the
517 3345 197 39 students.
735 3350 129 36 Pierre
885 3350 290 41 Saint-Amand
1197 3354 85 38 told
1302 3367 79 25 one

5 3392 82 63 iter,
129 3394 142 36 Brown
288 3397 183 38 students
490 3398 77 38 like
584 3405 41 31 to
643 3402 93 44 talk,
753 3402 94 52 they
865 3416 63 25 are
943 3417 98 38 very
1057 3406 321 47 demonstrative,

5 3447 39 55 ry
65 3447 209 38 interested
298 3450 80 38 and
397 3463 101 39 very
517 3454 258 39 enthusiastic
795 3457 123 39 about
939 3460 66 38 the
1024 3463 189 35 material.
1233 3463 93 38 This
1346 3466 31 36 is

5 3499 183 39 matched
203 3504 214 49 anywhere
430 3506 82 38 else
526 3507 14 36 I
553 3507 104 38 have

17 3554 90 36 One
120 3556 44 36 of
176 3556 65 36 the
257 3557 79 36 few
351 3559 244 52 advantages
613 3564 142 38 Brown
770 3576 72 25 can
857 3567 101 36 offer
970 3580 98 25 over
1082 3570 112 38 other
1208 3575 68 47 top
1291 3575 66 36 uni-

5 3609 118 63 rsities
139 3611 31 35 is
186 3620 20 25 a
224 3611 164 38 student
400 3613 112 50 body
526 3616 134 38 which
674 3617 72 36 has
761 3619 102 36 been
877 3622 241 50 specifically
1132 3625 169 38 selected
1318 3627 60 36 for

8 3663 206 50 creativity,
230 3668 194 49 curiosity,
439 3669 80 36 and
535 3671 260 38 enthusiasm.
811 3674 44 36 In
869 3674 66 38 the
950 3688 72 38 age
1036 3677 44 36 of
1091 3679 137 36 airline
1241 3680 135 44 travel,

5 3720 186 58 aerspace,
213 3720 79 36 and
313 3721 66 36 the
400 3723 205 52 year-long
625 3724 224 47 sabbatical,
871 3729 220 49 professors
1110 3743 72 25 can
1205 3732 52 38 do
1277 3734 101 39 their

5 3769 115 38 earch
135 3770 143 39 almost
293 3775 225 49 anywhere.
535 3778 142 38 Brown
691 3780 71 38 has
778 3792 46 27 so
839 3794 121 39 many
975 3786 258 50 outstanding
1247 3789 107 38 teach-

5 3822 43 66 ;,l
63 3822 76 38 like
154 3828 41 33 to
211 3825 123 46 think,
350 3828 170 39 because
535 3831 94 49 they
646 3833 102 38 have
761 3846 115 27 come
891 3836 91 38 here
998 3843 41 33 to
1055 3839 110 38 teach
1180 3841 194 47 students,

5 3876 17 58 d
36 3882 71 31 not
120 3880 148 49 merely
282 3885 41 31 to
337 3883 112 36 teach
465 3885 180 49 subjects.

961 3959 192 41 Andrew
1169 3961 203 43 Schulkln

2039 180 213 57 NOTES
2280 184 184 55 FROM
2490 187 121 54 THE
2639 191 261 57 EDITORS

1476 301 150 154 N

1625 304 2 68 I
1625 304 5 68 -
1650 310 135 50 obody
1798 312 142 38 knows
1953 315 110 38 what
2076 317 83 38 that
2172 321 146 36 animal
2416 323 203 39 Professor
2628 328 101 44 John
2742 329 169 38 Thomas

1650 365 99 44 said,
1769 367 79 36 and
1865 367 14 36 I
1896 369 178 38 nodded.
2093 372 172 39 Because
2280 375 50 36 he
2346 387 83 25 was
2450 378 115 50 right.
2581 380 83 38 You
2682 392 94 39 may
2792 383 118 38 know

1649 419 121 36 when
1781 420 61 36 it's
1857 422 120 49 good,
1989 436 83 36 you
2083 436 94 39 may
2189 427 120 38 know
2320 428 123 39 when
2455 431 63 38 it's
2529 431 93 44 bad,
2633 433 72 38 but
2717 447 82 28 you
2809 438 101 38 can't

1476 476 109 46 quite
1603 476 132 35 define
1754 476 93 36 how
1866 488 82 38 you
1967 479 161 38 achieve
2146 482 28 36 it
2192 494 46 24 or
2255 483 120 38 avoid
2395 487 27 36 it
2509 487 117 38 that's
2644 488 65 38 the
2728 491 183 52 quandry

1474 526 98 36 with
1583 528 187 50 teaching.
1784 529 162 52 Pledges
1957 543 72 25 can
2039 532 49 38 be
2099 535 128 44 made,
2239 540 307 38 committments
2559 554 91 38 may
2658 543 50 38 be
2718 543 191 49 declared,

1474 586 159 43 parents
1647 594 93 38 may
1751 584 50 35 be
1814 586 176 44 assured,
2005 586 71 39 but
2090 589 180 52 defining
2342 598 69 31 not
2424 598 41 33 to
2479 598 180 36 mention
2672 600 217 38 institution-

1474 635 146 52 alizing
1690 638 107 50 good
1811 639 183 52 teaching
2005 644 33 36 is
2049 654 54 27 no
2115 655 94 39 easy
2220 646 96 38 task.
2329 647 83 44 Yes,
2425 661 22 25 a
2460 650 110 49 good
2583 652 154 38 teacher

1474 701 22 24 a
1513 693 233 35 connection
1761 693 99 38 with
1876 694 68 38 the
2161 710 46 25 or
2400 715 52 25 an
2468 706 128 36 active
2611 707 159 38 interest
2787 710 39 35 in
2843 709 66 39 the

1474 743 162 38 student
1650 757 19 24 s
1682 745 180 52 learning
1874 750 80 35 and
2192 753 72 38 but
2277 767 99 25 once
2389 769 83 38 you
2485 757 121 52 begin
2620 765 39 31 to
2674 761 112 39 leave
2798 762 110 39 these

1474 800 121 35 initial
1609 802 180 49 vagaries
1800 802 153 39 behind
1967 805 80 38 and
2061 811 94 33 start
2169 813 41 33 to
2222 809 79 36 bite
2315 811 80 36 and
2411 817 82 31 tear
2507 816 83 35 into
2605 827 109 27 more
2726 817 157 38 substan-

1474 852 65 36 tial
1553 854 243 44 definitions,
1811 868 80 38 you
1906 857 120 50 begin
2039 863 41 35 to
2094 872 76 25 run
2184 863 82 36 into
2282 865 164 38 trouble.

1531 906 121 39 There
1668 910 33 35 is
1715 921 55 25 no
1784 923 77 25 one
2228 929 54 25 no
2296 923 58 33 set
2370 920 206 52 shopping
2591 923 65 36 list
2668 923 44 38 of
2726 924 180 50 qualities

1471 961 132 38 which
1622 975 20 24 a
1661 964 107 49 good
1787 965 156 38 teacher
1961 980 214 38 possesses.
2194 972 91 38 This
2302 978 148 33 creates
2468 975 203 52 problems
2690 978 61 38 for
2767 980 66 39 the
2850 992 38 27 re-

1471 1014 167 39 formers
1650 1017 80 36 and
1743 1019 317 41 administrators
2072 1024 94 38 who
2178 1025 74 38 call
2265 1027 61 36 for
2339 1028 272 50 improvment
2622 1033 43 36 in
2676 1033 68 38 the
2754 1035 151 52 quality

1471 1069 43 36 of
1521 1071 217 38 educators.
1750 1072 80 44 Yes,
1843 1074 93 50 they
1943 1088 74 25 can
2028 1077 124 52 adopt
2161 1080 66 36 the
2238 1080 340 55 troubleshooting
2587 1087 175 46 method,
2773 1088 131 39 where

1469 1137 77 24 one
1564 1128 345 39 institutionalizes
1926 1132 109 49 good
2054 1132 184 52 teaching
2252 1135 55 50 by
2324 1137 175 52 filtering
2518 1140 77 36 and
2616 1140 200 54 ferretting
2833 1150 69 31 out

1469 1178 66 38 the
1551 1192 99 36 poor
1666 1183 183 50 teaching
1865 1184 83 36 that
1962 1197 98 39 goes
2076 1198 65 33 on,
2156 1187 72 38 but
2243 1191 101 38 such
2359 1203 20 25 a
2397 1192 167 38 method
2581 1195 180 39 involves
2778 1197 102 39 defin-

1468 1235 68 47 ing
1551 1235 181 49 teaching
1746 1247 41 25 as
1803 1236 109 38 what
1926 1241 28 35 it
1969 1241 31 35 is
2014 1246 71 31 not
2099 1243 129 38 rather
2243 1244 96 36 than
2351 1246 110 38 what
2474 1249 31 35 it
2518 1249 44 35 is.

1526 1288 80 38 The
1628 1290 184 50 problem
1833 1293 101 38 with
1954 1306 22 25 a
1998 1298 224 50 university
2244 1302 244 49 attempting
2509 1307 41 33 to
2572 1306 329 39 institutionalize

1822 1348 31 36 is
1865 1346 83 38 that
1959 1361 19 24 a
1991 1350 124 50 single
2126 1351 192 39 student's
2329 1354 209 38 definition
2548 1357 44 36 of
2600 1370 22 24 a
2631 1359 107 50 good
2750 1361 151 38 teacher

1466 1408 72 25 can
1550 1397 50 38 be
1669 1400 79 36 and
1761 1402 33 35 is
1865 1413 52 25 an
1926 1403 195 50 intensely
2132 1408 186 47 personal
2329 1411 162 36 mosaic.
2504 1411 44 36 In
2559 1414 153 49 sewing
2723 1416 178 49 together

1466 1463 69 38 my
1551 1463 93 25 own
1660 1454 231 50 patchwork
1909 1457 88 38 idea
2013 1458 44 38 of
2071 1461 107 47 good
2195 1463 194 52 teaching,
2405 1465 16 36 I
2439 1465 85 38 find
2542 1468 145 49 myself
2701 1469 162 52 making
2877 1482 22 25 a

1465 1507 217 47 piecemeal
1702 1513 72 33 out
1795 1509 44 38 of
1857 1510 68 38 the
1945 1512 157 38 diverse
2124 1515 140 38 talents
2287 1517 83 38 that
2391 1518 68 38 the
2480 1521 109 49 good
2611 1523 176 38 teachers
2806 1523 94 39 here

1465 1559 143 38 shared
1622 1562 98 36 with
1735 1575 76 31 me,
1824 1564 181 38 whether
2019 1569 41 35 in
2074 1567 214 39 classroom
2301 1584 46 24 or
2361 1572 128 38 office.

1523 1614 117 39 Some
1655 1617 220 49 professors
1891 1620 148 50 simply
2055 1620 145 41 lecture
2214 1625 104 44 well;
2334 1627 83 36 that
2433 1628 91 50 fifty
2539 1641 44 25 or
2597 1630 135 50 eighty
2746 1635 153 36 minute

1465 1680 167 39 passage
1647 1672 249 38 transmitted
1912 1680 69 31 not
1994 1676 80 49 just
2088 1677 268 46 information,
2370 1680 74 38 but
2458 1682 112 39 ideas
2587 1685 77 38 and
2682 1698 90 25 new
2787 1699 110 39 ways

1465 1723 43 36 of
1524 1723 162 52 looking
1707 1731 36 31 at
1764 1726 132 52 things
1981 1731 135 36 where
2135 1732 14 35 I
2169 1745 85 25 was
2272 1734 139 50 pulled
2431 1740 72 35 out
2523 1737 44 38 of
2583 1750 69 39 my
2671 1740 80 36 role
2770 1753 43 25 as
2830 1740 66 39 the

2161 1791 162 46 passive
2343 1792 192 49 recipient
2556 1792 80 38 and
2658 1795 176 50 inspired
2857 1802 39 33 to

2161 1847 68 44 get
2247 1844 192 38 involved
2460 1847 43 35 in
2524 1846 65 39 the
2611 1849 184 50 readings
2814 1850 79 38 and

2161 1898 121 36 work
2342 1898 150 52 things
2551 1906 90 35 out.
2701 1904 195 38 Dietrich

2161 1951 219 39 Neumann
2400 1967 143 25 causes
2565 1956 63 38 his
2647 1957 186 39 students
2854 1965 41 33 to

2161 2005 93 39 look
2265 2019 54 39 up
2331 2019 43 27 as
2384 2009 94 52 they
2488 2011 107 38 walk
2605 2011 172 54 through
2786 2027 20 25 a
2817 2017 77 49 city

2159 2065 128 41 street,
2306 2065 209 50 squinting
2532 2066 80 38 and
2630 2068 238 39 understand-

2159 2117 68 50 ing
2236 2115 65 39 the
2310 2117 110 39 ideas
2430 2118 148 39 behind
2589 2121 66 36 the
2665 2123 140 50 design
2813 2124 79 38 and

2157 2173 224 36 execution
2405 2173 46 38 of
2474 2173 88 38 that
2587 2175 71 38 tall
2682 2175 208 54 building.

2157 2225 167 38 Arnold
2350 2228 235 38 Weinstein
2609 2233 282 50 consistently

2157 2279 124 38 forces
2294 2280 61 38 his
2370 2282 184 39 students
2569 2288 39 33 to
2622 2287 156 49 expand
2792 2287 99 38 their

2157 2334 337 54 understanding
2517 2339 44 36 of
2581 2339 112 38 what
2713 2340 178 52 binding

2156 2387 79 38 and
2246 2402 132 38 paper,
2387 2402 80 39 pen
2479 2392 80 36 and
2570 2392 77 44 ink,
2658 2406 72 25 can
2742 2406 124 27 accom-

2154 2443 117 49 plish.

2214 2498 77 36 But
2313 2499 239 50 professors
2578 2506 39 35 at
2641 2504 148 36 Brown
2813 2517 76 25 can

2153 2551 118 38 make
2291 2553 82 38 that
2392 2554 154 38 elusive
2567 2559 233 36 connection
2819 2565 69 31 not

2150 2606 80 49 just
2247 2606 55 52 by
2323 2609 197 52 speaking
2539 2611 104 38 from
2663 2625 20 25 a
2702 2613 183 50 podium.

2150 2661 146 50 Joseph
2315 2663 128 44 Pucci,
2465 2677 20 25 a
2506 2677 139 39 young
2663 2680 94 25 man
2776 2671 41 35 in
2836 2680 50 25 an

2153 2715 69 36 old
2233 2715 110 46 field,
2354 2721 198 47 surprises
2565 2720 61 38 his
2639 2721 183 39 students
2831 2723 55 52 by

2153 2769 156 49 leading
2318 2784 43 25 as
2373 2784 121 33 many
2506 2786 41 25 as
2557 2775 79 38 five
2646 2778 165 38 sections
2822 2791 63 25 ev-

1450 2827 69 38 ery
1529 2822 195 39 semester,
1735 2817 178 54 learning
1923 2820 134 50 eighty
2066 2824 181 39 students
2258 2836 150 27 names.
2420 2828 183 38 Svetlana
2613 2830 271 41 Evdokimova

1450 2869 110 36 takes
1575 2871 65 36 the
1652 2872 233 50 potentially
1899 2874 197 52 daunting
2107 2879 132 36 works
2254 2879 44 36 of
2309 2880 172 38 Russian
2493 2882 208 47 literature,
2715 2885 169 38 disarms

1450 2923 69 38 her
1531 2924 181 39 students
1721 2926 101 38 with
1830 2929 115 38 smile
1956 2931 80 36 and
2047 2931 153 46 humor,
2213 2934 79 38 and
2302 2934 102 46 asks,
2570 2937 55 38 do
2635 2950 82 39 you

1518 2980 79 38 and
1619 2980 159 39 doesn't
1797 2983 91 36 take
1907 2984 146 38 silence
2074 2984 61 39 for
2153 2998 52 25 an
2225 3000 164 27 answer.
2411 2991 131 38 While
2561 3003 113 27 some
2693 2994 189 39 so-called

1450 3033 143 38 Brown
1609 3033 165 50 legends
1792 3036 250 52 desperately
2058 3041 120 38 avoid
2195 3046 156 35 contact
2365 3044 101 36 with
2482 3046 102 36 their
2598 3047 195 44 students,
2811 3049 47 38 Ed-

1447 3088 113 36 ward
1578 3088 128 38 Beiser
1720 3094 118 33 treats
1852 3090 66 39 the
1932 3093 164 39 student
2109 3098 43 35 in
2165 3096 61 36 his
2241 3098 117 36 office
2372 3098 126 39 hours
2512 3099 77 39 like
2605 3101 50 38 he
2668 3115 47 25 or
2726 3102 72 38 she
2813 3106 33 35 is
2860 3115 22 25 a

1449 3143 140 35 cousin
1605 3142 83 38 that
1702 3143 50 38 he
1769 3150 131 33 wants
1915 3150 41 35 to
1972 3146 93 38 look
2080 3148 98 38 after
2194 3150 121 38 while
2329 3151 153 50 they're
2498 3165 46 25 so
2559 3154 60 38 far
2633 3154 102 38 from
2751 3157 129 38 home.

1447 3195 94 36 And
1561 3197 41 36 in
1617 3195 184 39 between
1819 3198 209 54 loosening
2044 3202 61 38 his
2123 3202 101 39 class
2241 3206 41 35 in
2301 3205 66 39 the
2386 3206 146 39 lecture
2548 3208 80 38 hall
2646 3211 99 36 with
2761 3222 121 41 corny

1446 3249 110 49 jokes
1570 3252 80 36 and
1666 3263 117 39 crazy
1795 3254 102 44 hats,
1913 3255 178 39 Howard
2107 3257 228 41 Chudacoff
2348 3261 139 38 makes
2502 3274 22 25 a
2539 3265 140 36 visitor
2691 3269 43 33 to
2746 3265 63 39 his
2822 3266 39 38 of-

1447 3302 74 38 fice
1534 3304 123 38 hours
1671 3306 76 38 feel
1761 3306 79 39 like
1852 3320 101 25 even
1967 3309 101 39 their
2082 3317 106 33 most
2198 3313 129 36 trivial
2342 3318 208 47 questions
2562 3317 165 41 deserve
2742 3320 66 38 the
2822 3324 39 33 ut-

1447 3362 106 33 most
1567 3362 192 35 attention
1836 3361 50 39 he
1901 3362 150 39 flatters
2065 3365 61 36 his
2143 3367 183 39 students
2339 3367 57 52 by
2411 3370 164 52 making
2589 3372 110 39 them
2713 3373 74 38 feel
2803 3375 77 38 like

1447 3411 98 52 they,
1561 3414 79 36 and
1654 3419 71 33 not
1734 3417 79 47 just
1827 3416 99 38 their
1939 3420 217 49 questions,
2170 3427 139 33 matter.

1504 3466 91 39 This
1609 3471 208 49 magazine
1830 3471 72 36 has
1918 3471 164 41 focused
2096 3487 55 25 on
2162 3476 68 38 the
2243 3477 186 52 teaching
2439 3480 43 36 in
2496 3480 66 38 the
2575 3480 227 47 classroom,
2813 3483 44 39 be-

1446 3524 131 33 tween
1589 3523 164 38 student
1767 3524 80 38 and
1863 3526 209 49 professor,
2085 3528 72 39 but
2172 3531 16 36 I
2202 3531 104 38 have
2318 3532 164 39 learned
2498 3546 46 25 so
2559 3535 121 38 much
2693 3535 104 39 from
2811 3550 68 41 my

1446 3575 161 44 friends,
1619 3576 181 39 whether
1813 3592 61 25 we
1887 3592 107 27 were
2006 3583 250 54 hammering
2269 3586 176 52 through
2457 3602 142 27 course
2613 3592 208 44 materials,
2833 3605 46 27 or

1444 3628 175 52 chatting
1635 3644 117 38 away
1767 3646 96 25 over
1879 3646 99 39 cups
1995 3636 44 36 of
2052 3636 137 46 coffee,
2208 3652 118 38 mugs
2343 3641 44 38 of
2398 3641 102 39 beer.
2518 3644 93 36 And
2628 3646 14 35 I
2658 3646 220 39 remember

1444 3682 49 38 all
1510 3683 68 38 the
1592 3685 176 38 teachers
1784 3688 14 35 I
1813 3687 82 38 had
1910 3688 137 39 before
2063 3691 153 46 Brown,
2233 3706 43 25 as
2291 3694 104 46 well,
2413 3698 80 36 and
2510 3698 68 38 the
2591 3699 287 41 contributions

1443 3739 96 36 each
1550 3739 44 36 of
1603 3740 109 36 them
1723 3743 239 49 generously
1972 3745 120 38 made
2102 3751 41 33 to
2154 3759 69 39 my
2235 3759 96 27 own
2340 3753 162 36 mosaic.
2515 3753 90 38 One
2614 3756 43 35 in
2666 3756 209 49 particular

1441 3792 139 38 stands
1589 3798 83 38 out,
1682 3794 209 52 Raymond
1902 3797 134 46 Oates,
2047 3811 69 39 my
2124 3802 263 49 grandfather,
2400 3805 82 38 and
2491 3808 30 36 it
2531 3808 33 36 is
2575 3811 41 35 to
2625 3808 61 38 his
2698 3820 180 41 memory

1441 3846 85 36 that
1539 3858 69 39 my
1620 3847 115 38 work
1746 3861 55 25 on
1814 3850 77 38 this
1907 3852 246 49 publication
2165 3857 31 36 is
2213 3855 180 52 lovingly
2406 3858 222 39 dedicated.

2337 3976 191 44 Michael
2545 3983 143 41 Oates
2706 3984 169 41 Palmer
