3126 4141
157 79 1184 181 Resistance
1406 90 219 165 to
1683 63 1195 192 Assistance

153 342 257 58 Brown’s
431 357 258 43 courses
712 357 123 39 can
855 339 176 57 often
1052 337 156 55 have
1233 332 406 60 enrollments
1660 331 135 58 that
1814 331 186 74 bulge
2024 340 61 46 at
2104 329 107 57 the
2235 346 208 38 seams
2559 328 249 72 leaving

154 433 348 76 professors
521 441 68 47 to
609 430 128 74 rely
756 447 87 39 on
863 428 107 58 the
995 427 101 57 aid
1118 427 69 57 of
1203 425 294 74 graduate
1521 422 257 57 student
1798 420 293 74 teaching
2112 420 343 55 assistants.
2480 420 159 54 How
2660 417 156 57 does
2838 416 123 57 this

156 523 183 60 affect
361 521 107 60 the
487 520 540 76 undergraduate?
1044 521 183 54 Anne
1249 518 283 54 Fentress
1556 521 254 65 reports.

162 698 112 161 P

272 699 2 63 |
282 704 140 38 ulitzer
436 704 109 35 Prize
561 704 181 47 winning
756 702 164 46 History
935 699 128 36 Profes-

282 773 68 25 sor
365 761 165 38 Gordon
550 759 124 38 Wood
694 757 156 38 doesn't
869 757 102 35 have
992 757 93 33 time

282 825 43 31 to
335 817 112 38 teach
457 817 50 36 all
518 816 44 38 of
570 817 63 36 his
644 816 154 38 classes.
822 816 128 35 While
961 813 124 38 Wood

156 877 98 36 does
268 876 142 38 lecture
424 879 39 33 to
477 874 208 38 hundreds
698 876 41 35 in
753 872 60 36 his
827 871 258 38 well-known

156 934 112 44 class,
287 934 79 36 The
384 934 211 36 American
616 931 247 43 Revolution,
885 929 50 36 he
956 929 129 36 leaves

156 992 98 36 class
263 992 165 36 sections
438 994 39 33 to
488 989 189 50 graduate
687 987 180 49 teaching
877 987 208 36 assistants.

282 1047 139 38 would
433 1047 50 36 be
498 1046 170 38 difficult
682 1050 39 31 to
735 1044 113 38 teach
863 1044 49 36 all
929 1044 66 35 the
1008 1054 60 25 sec-

157 1107 101 36 tions
269 1104 28 38 if
306 1104 65 38 the
380 1104 96 36 class
487 1104 31 36 is
528 1104 121 49 going
658 1107 39 33 to
707 1102 101 36 have
819 1101 112 38 small
943 1110 145 38 groups

157 1169 41 31 to
213 1162 181 38 facilitate
683 1159 124 36 Wood
824 1157 98 36 said.

159 1220 14 36 I
184 1231 110 25 came
307 1224 39 31 to
361 1219 142 35 Brown
512 1217 47 36 26
573 1228 112 39 years
698 1227 88 39 ago,
800 1216 107 36 there
920 1225 106 25 were
1036 1225 54 24 no

159 1279 180 35 sections.
351 1276 110 38 Since
474 1276 13 36 I
499 1274 102 38 have
613 1274 102 38 been
726 1274 104 41 here,
843 1271 68 38 the
921 1269 169 38 number

159 1332 44 39 of
216 1334 140 36 Brown
372 1331 183 38 students
569 1331 72 36 has
658 1329 202 38 increased
877 1329 102 36 from
995 1328 94 38 3700

161 1397 39 31 to
216 1392 106 36 5500.
353 1391 156 36 Classes
524 1389 102 38 have
643 1389 165 36 become
824 1387 126 47 larger
965 1384 79 36 and
1063 1386 27 35 it

161 1460 129 25 seems
312 1446 135 38 useful
469 1450 41 31 to
531 1446 52 36 all
606 1444 44 38 of
669 1457 49 24 us
739 1449 43 31 to
803 1444 104 35 have
929 1441 162 38 smaller

161 1517 161 39 groups.
334 1504 30 36 It
378 1506 31 35 is
425 1504 169 36 difficult
608 1507 39 33 to
660 1502 104 36 have
778 1501 225 38 discussion
1016 1501 41 35 in
1071 1512 20 22 a

162 1562 104 50 large
279 1561 145 38 lecture

219 1617 320 38 Environmental
553 1617 159 36 Studies
726 1616 200 50 professor
940 1613 151 38 Harold

162 1676 113 38 Ward
288 1687 135 38 agrees
436 1674 83 38 that
531 1676 172 36 sections
713 1685 76 24 can
802 1671 80 38 add
896 1683 22 24 a
931 1682 90 24 new
1035 1669 39 36 di-

164 1735 181 35 mension
364 1737 43 31 to
425 1731 106 50 large
551 1731 145 36 classes
718 1729 80 36 and
819 1729 186 36 facilitate
1025 1731 69 33 not

164 1791 93 49 only
269 1789 236 43 discussion,
518 1787 72 38 but
605 1798 129 38 group
750 1784 189 38 research.

425 1857 63 25 are
509 1844 107 50 large
636 1843 165 50 enough
822 1843 79 36 and
923 1841 172 38 without

164 1904 169 36 sections
346 1902 93 49 they
452 1901 139 38 would
606 1913 121 24 never
739 1899 52 36 be
805 1898 113 38 small
934 1896 161 50 enough

164 1965 43 33 to
217 1959 104 38 have
334 1972 22 24 a
644 1957 117 36 Ward
776 1957 98 35 said.
973 1954 52 36 ES
1043 1956 52 39 11,

165 2017 169 36 sections
351 2027 63 25 are
430 2014 150 49 always
597 2013 110 38 rated
724 2013 137 49 highly
879 2017 39 30 at
935 2011 66 36 the
1016 2009 79 36 end

165 2072 44 39 of
222 2072 66 39 the
304 2083 148 27 course.
469 2071 82 38 The
567 2069 183 39 students
767 2069 54 36 do
836 2069 167 50 projects
1020 2068 74 36 like

165 2131 181 50 teaching
359 2131 43 35 in
413 2129 241 36 Providence
668 2129 77 47 city
757 2126 157 38 schools
929 2137 44 25 or
984 2123 110 38 work

167 2200 52 27 on
230 2189 140 36 Brown
380 2187 35 36 Is
425 2186 128 38 Green
562 2186 164 49 projects
737 2183 172 50 through
920 2183 175 36 sections.

167 2244 66 38 It's
244 2244 118 47 equal
375 2249 41 31 to
431 2254 20 25 a
466 2243 63 36 lab
543 2243 63 36 for

225 2301 99 38 Both
332 2299 115 39 Ward
458 2299 79 38 and
548 2298 126 39 Wood
685 2298 151 38 believe
847 2296 82 38 that
940 2296 66 36 the
1016 2296 82 35 TAs

167 2357 146 38 benefit
326 2357 54 50 by
394 2357 181 49 teaching
591 2357 180 35 sections.

386 2416 31 36 is
431 2427 54 24 no
498 2425 93 38 way
605 2414 13 35 I
631 2411 121 39 could
767 2411 112 38 teach
893 2411 22 36 6
929 2411 170 35 sections

170 2471 60 39 for
238 2471 66 39 the
312 2482 140 27 course
460 2469 79 38 and
550 2469 109 38 there
668 2469 195 36 wouldn't
872 2468 49 36 be
932 2469 169 35 sections

170 2529 31 36 if
213 2529 107 36 there
332 2528 162 38 weren't
643 2526 115 38 Ward
773 2524 98 38 said.
1017 2523 83 36 TAs

172 2586 107 38 learn
294 2584 68 38 the
381 2583 197 38 materials
598 2587 38 33 at
655 2595 22 24 a
698 2583 184 36 different
901 2580 101 38 level
1022 2580 79 36 and

172 2643 93 50 they
276 2643 120 36 know
408 2644 27 35 it
447 2646 38 33 at
496 2652 22 27 a
529 2641 134 36 whole
676 2639 184 38 different
871 2638 101 36 level
983 2636 118 36 when

173 2699 91 49 they
277 2710 63 25 are
354 2696 181 52 teaching
546 2699 39 35 it.
613 2698 44 35 In
669 2709 22 24 a
704 2707 148 38 survey
863 2694 44 36 of
918 2698 90 46 past
1019 2694 82 35 TAs

173 2757 41 35 in
225 2756 66 36 the
304 2756 55 36 ES
372 2754 263 50 department,
649 2765 123 36 many
784 2751 87 38 said
887 2751 183 49 teaching
1082 2762 19 24 a

173 2814 153 36 section
345 2824 87 25 was
452 2809 68 38 the
540 2816 109 31 most
669 2809 231 50 significant
921 2808 180 47 learning

1162 1843 228 47 experience
1411 1839 93 49 they
1523 1838 79 36 had
1624 1843 38 31 at
1683 1838 153 41 Brown,
1857 1847 99 25 even
1978 1846 106 25 more

1162 1901 214 44 important
1391 1896 94 36 than
1499 1896 65 35 the
1578 1906 157 25 courses
1751 1893 91 49 they

1220 1954 124 36 Wood
1361 1965 85 24 sees
1460 1954 169 35 sections
1643 1962 44 25 as
1701 1964 20 24 a
1739 1950 161 36 method
1915 1948 43 38 of
1973 1950 94 35 train-

1164 2013 68 47 ing
1244 2011 83 35 TAs
1342 2009 93 35 how
1450 2014 39 30 to
1504 2008 121 36 teach.

1288 2069 33 35 is
1332 2066 83 38 also
1427 2065 151 50 helpful
1591 2066 169 47 training
1772 2069 38 31 to
1824 2063 65 36 the
1899 2061 96 52 grad
2008 2066 60 31 stu-

1164 2124 118 36 dents
1304 2123 94 36 who
1420 2121 102 38 need
1839 2120 124 36 Wood
1987 2118 99 38 said.

1287 2183 83 35 TAs
1387 2181 113 49 bring
1520 2184 39 31 to
1578 2178 180 49 teaching
1776 2191 49 24 an
1844 2176 246 36 enthusiasm

1165 2244 41 31 to
1225 2238 181 49 teaching
1424 2249 63 24 we
1504 2235 68 38 old
1592 2235 123 50 fogies
1735 2235 112 36 don't
1866 2235 110 35 have.
1997 2233 91 36 And

1165 2307 121 38 many
1306 2294 181 49 teaching
1504 2296 200 35 assistants
1724 2293 227 36 sometimes
1970 2290 118 36 know

1167 2365 110 24 more
1291 2351 96 36 than
1400 2350 66 38 the
1480 2350 205 50 professor.
1702 2350 13 35 I
1731 2348 112 36 don't
1858 2348 112 36 think
1984 2348 106 35 there

1167 2413 31 33 is
1220 2420 77 38 any
1318 2409 80 35 loss
1417 2413 39 31 to
1477 2408 65 36 the
1562 2406 180 38 students
1764 2408 41 35 in
1825 2405 65 38 the
1910 2405 98 38 class
2028 2403 30 38 if
2077 2405 13 35 I

1167 2468 112 35 don't
1294 2465 112 38 teach
1419 2465 66 38 the

1225 2523 93 43 Still,
1329 2521 121 38 while
1460 2521 123 36 Wood
1597 2521 107 36 leads
1717 2532 52 25 no
1781 2521 180 41 sections,
1973 2531 120 36 many

1169 2580 43 38 of
1220 2581 60 36 his
1294 2580 131 36 fellow
1435 2578 150 49 history
1597 2576 145 50 faculty
1811 2575 205 50 including
2027 2575 50 35 fel-

1170 2638 79 36 low
1269 2638 211 35 American
1499 2635 213 36 historians
1729 2635 129 44 James
1879 2633 216 41 Patterson,

1170 2696 146 35 Naomi
1328 2694 252 39 Lamoreaux,
1592 2690 77 38 and
1683 2688 176 39 Howard
1871 2687 224 39 Chudacoff

1235 2750 54 38 do
1304 2748 88 38 lead
1409 2754 38 31 at
1463 2748 96 36 least
1575 2759 77 25 one
1666 2748 148 36 section
1831 2746 60 36 for
1907 2757 20 25 a
1945 2757 150 25 course.

1172 2809 123 47 Many
1310 2806 181 38 students
1504 2805 153 38 believe
1671 2803 93 50 they
1780 2816 63 24 are
1855 2802 120 50 being
1987 2802 107 50 jilted

1172 2869 71 31 out
1257 2863 43 38 of
1313 2876 20 25 a
1351 2865 140 35 Brown
1506 2861 211 36 education
1729 2861 123 35 when
1879 2860 216 50 professors

1312 2921 157 36 section.

2487 1844 83 36 TAs
2586 1855 72 25 can
2674 1844 82 35 add
2773 1855 20 24 a
2809 1843 57 36 lot
2880 1846 41 33 to
2939 1854 20 25 a
2975 1841 112 43 class,

2154 1901 216 50 especially
2391 1901 30 36 if
2441 1913 20 24 a
2483 1901 203 49 professor
2709 1901 72 36 has
2803 1912 22 24 a
2846 1899 74 36 200
2939 1910 148 38 person

2154 1959 99 36 class
2276 1957 79 36 and
2375 1969 72 25 can
2469 1957 94 49 only
2583 1957 54 36 do
2658 1969 44 24 so
2724 1956 131 43 much,
2877 1967 44 25 or
2942 1957 31 35 is
2994 1954 94 49 only

2154 2016 153 49 willing
2323 2019 41 33 to
2381 2014 54 36 do
2452 2027 44 24 so
2513 2014 121 36 much
2650 2013 98 38 with
3002 2009 87 38 said

2156 2071 269 50 Christopher
2446 2069 134 38 White
2602 2071 74 36 '97.
2833 2080 76 25 can
2929 2079 161 25 answer

2156 2134 106 31 most
2276 2129 44 36 of
2331 2140 102 38 your
2446 2131 206 47 questions
2668 2128 28 36 if
2710 2128 94 49 they
2819 2139 65 25 are
2899 2124 191 38 available

2157 2186 80 38 and
2260 2191 110 31 want
2391 2191 41 31 to
2452 2184 106 50 help.
2581 2184 80 36 The
2683 2183 98 52 only
2800 2194 94 39 way
2913 2183 14 35 I
2948 2181 142 36 would

2157 2244 120 36 know
2293 2247 38 31 to
2345 2243 109 36 solve
2468 2243 66 36 the
2546 2243 181 50 problem
2739 2241 44 38 of
2794 2239 276 52 professor-stu-

2157 2301 94 36 dent
2261 2304 151 33 contact
2422 2299 137 36 would
2569 2299 50 36 be
2628 2304 41 31 to
2679 2299 83 35 hire
2773 2298 120 36 about
2904 2296 69 36 100
2983 2307 109 25 more

2157 2357 220 50 professors
2394 2369 44 25 so
2450 2369 65 24 we
2529 2369 72 24 can
2616 2356 137 36 shrink
2767 2356 68 36 the

2217 2416 107 36 Does
2339 2413 181 50 teaching
2534 2416 150 35 section
2696 2424 162 27 remove
2871 2409 220 52 professors

2161 2472 102 36 from
2277 2476 153 33 contact
2443 2471 99 36 with
2556 2471 205 38 students?
2776 2469 139 44 Wood,
2931 2472 39 33 at
2984 2469 107 43 least,

2161 2540 91 38 says
2265 2529 61 36 it's
2339 2528 186 49 possible,
2537 2529 71 36 but
2622 2528 82 36 that
2717 2528 50 36 he
2781 2526 98 38 does
2891 2531 69 31 not
2973 2524 121 50 really

2161 2584 115 38 think
2296 2597 54 25 so.
2450 2597 20 24 a
2494 2584 162 36 student
2677 2589 131 31 wants
2830 2583 83 36 that
2934 2583 96 35 kind
3052 2581 43 36 of

2162 2643 197 36 closeness
2380 2641 98 38 with
2494 2641 61 38 his
2578 2652 44 27 or
2639 2641 71 36 her
2729 2639 233 50 professors,
2983 2650 52 38 go
3052 2643 43 33 to

2162 2699 107 36 Reed
2501 2698 87 38 said
2605 2698 135 38 Wood.
2831 2709 82 38 you
2929 2699 109 33 want
3054 2699 41 33 to

2162 2757 102 35 have
2279 2767 77 38 any
2370 2759 79 33 sort
2461 2754 44 38 of
2518 2754 176 38 research
2709 2753 151 50 faculty,
2876 2751 219 50 professors

2164 2814 102 36 have
2287 2817 41 31 to
2346 2813 104 36 have
2471 2825 22 24 a
2512 2811 131 38 break.
2666 2811 227 38 Otherwise
2912 2809 183 36 students

2164 2869 139 36 would
2312 2874 61 31 eat
2386 2880 52 38 up
2450 2880 101 38 your
2562 2869 102 35 time.
2677 2869 142 35 Brown
2827 2866 183 38 balances
3019 2865 77 38 this

2165 2939 110 24 more
2290 2937 44 25 so
2348 2926 94 36 than
2457 2924 181 38 Harvard
2652 2937 46 25 or
2710 2924 99 36 Yale.
2825 2924 14 35 I
2854 2923 76 36 feel
2943 2921 109 38 there
3065 2923 31 36 is

2165 2994 22 25 a
2208 2983 128 36 better
2356 2981 260 50 relationship
2638 2983 186 35 between
2846 2978 252 50 undergrads

2167 3039 79 38 and
2265 3039 219 49 professors
2499 3038 102 38 here.
2620 3036 258 50 Undergrads
2896 3049 74 24 can
2986 3047 113 25 come

2167 3096 82 36 talk
2265 3101 39 31 to
2321 3107 63 24 me
2402 3099 38 31 at
2455 3107 79 38 any
2550 3096 106 43 time,
2672 3094 134 36 which
2822 3093 126 50 might
2965 3096 69 35 not
3049 3093 50 36 be

2169 3153 175 49 possible
2356 3157 39 31 at

2228 3209 74 36 But
2318 3220 112 24 some
2447 3209 220 49 professors
2687 3213 36 31 at
2742 3209 143 35 Brown
2902 3206 85 36 find
3006 3208 94 35 time

2170 3271 39 31 to
2227 3266 112 36 teach
2356 3266 99 36 their
2472 3268 180 35 sections.
2687 3265 170 36 Classics
2876 3263 80 38 and
2973 3261 102 38 Medi-

2170 3321 90 38 eval
2280 3321 159 36 Studies
2460 3321 203 36 Professor
2683 3321 148 49 Joseph
2852 3321 117 36 Pucci
2991 3321 33 36 is
3044 3331 38 27 re-

2172 3378 175 38 nowned
2359 3378 58 38 for
2428 3378 110 38 often
2550 3380 181 47 teaching
2743 3389 121 38 many
2877 3376 44 38 of
2929 3376 61 38 his
3002 3376 99 38 class

2172 3436 180 35 sections.

2285 3491 112 36 teach
2411 3496 104 31 most
2529 3491 44 36 of
2587 3504 66 36 my
2669 3493 170 35 sections
2852 3490 172 36 because
3036 3488 66 38 the

2173 3559 156 24 courses
2340 3548 82 35 that
2431 3548 13 35 I
2455 3548 110 35 teach
2575 3548 131 35 where
2717 3548 148 35 section
2874 3548 31 35 is
2918 3545 184 38 involved

2173 3616 208 25 —courses
2391 3616 52 24 on
2452 3603 186 38 literature
2644 3603 209 49 —heavily
2863 3602 153 38 involve
3025 3602 58 36 dia-

2173 3660 128 49 logue.
2312 3661 14 35 I
2339 3660 69 36 feel
2419 3660 14 36 I
2443 3660 145 36 should
2598 3660 85 36 lead
2694 3660 65 36 the
2770 3658 184 50 dialogue
2964 3660 104 36 since
3077 3660 25 36 it

2175 3720 33 33 is
2220 3729 66 36 my
2444 3717 85 36 said
2542 3718 121 35 Pucci.
2679 3717 151 35 "That's
2843 3715 94 50 why
2950 3715 14 36 I
2976 3715 54 36 do

2235 3773 74 36 But
2329 3772 52 38 he
2403 3772 83 38 also
2507 3773 180 36 believes
2709 3772 99 49 grad
2831 3772 187 36 students
3041 3783 61 25 are

2176 3830 162 49 missing
2348 3833 68 31 out
2427 3827 28 36 if
2463 3828 93 50 they
2565 3841 61 24 are
2636 3833 69 31 not
2715 3827 173 52 exposed
2899 3833 39 30 to
2950 3839 22 24 a
2981 3827 102 38 teach-

2178 3887 66 46 ing
2260 3887 186 35 situation
2460 3885 146 47 during
2620 3885 99 36 their
2734 3883 222 38 education.

1324 808 33 39 a
1376 787 235 60 student
1627 794 186 50 wants
1830 784 126 60 that
1975 783 131 60 kind
2145 791 13 85 |

1227 880 66 60 of
1312 879 301 61 closeness
1636 877 140 60 with
1803 877 87 58 his
1913 896 68 39 or
2006 876 104 58 her
2145 860 13 71 §

1230 972 397 79 professors,
1682 989 80 58 go
1814 976 68 50 to
1939 965 169 61 Reed
2146 948 11 41 *

1228 1063 258 77 College.
1512 1061 41 58 If
1569 1080 115 58 you
1704 1068 157 50 want
1879 1068 63 50 to
1964 1058 148 58 have

1228 1172 113 60 any
1361 1162 123 50 sort
1502 1153 65 58 of
1584 1151 271 60 research
1876 1150 233 77 faculty,

1233 1246 331 77 professors
1602 1244 154 58 have
1789 1250 63 54 to
1891 1243 151 57 have
2079 1260 33 39 a

1231 1337 197 60 break.
1469 1335 339 60 Otherwise
1844 1332 268 60 students

1231 1427 198 60 would
1457 1435 98 52 eat
1580 1446 77 58 up
1683 1444 146 60 your
2150 1443 8 60 %

1646 1517 249 60 Gordon
1921 1513 191 61 Wood
2151 1513 6 76 \

1469 1609 296 60 Professor
1791 1608 65 60 of
1880 1608 235 66 History

973 3099 191 58 teach
1211 3106 169 58 most
1424 3096 66 58 of
1532 3115 98 57 my
1676 3096 287 57 sections

869 3192 260 58 because
1162 3189 102 58 the
1299 3205 241 41 courses
1573 3186 126 63 that
1737 3191 11 52 I
1787 3184 173 60 teach

869 3282 222 57 where
1139 3279 257 58 section
1444 3279 49 57 is
1539 3276 307 58 involved

871 3389 249 39 courses
1159 3389 76 38 on
1279 3369 304 57 literature
1731 3365 233 76 heavily

874 3452 236 69 involve
1146 3458 298 76 dialogue.
1487 3461 16 54 I
1539 3457 115 57 feel
1698 3461 13 52 I
1751 3452 213 61 should

876 3550 132 58 lead
1047 3550 101 57 the
1187 3548 280 76 dialogue
1506 3548 164 57 since
1710 3548 39 55 it
1791 3548 43 55 is
1872 3565 94 55 my

874 3641 208 60 class/'

1556 3726 209 74 Joseph
1797 3726 169 57 Pucci

1129 3824 148 52 Asst.
1310 3817 298 57 Professor
1633 3817 63 57 of
1720 3816 250 57 Classics

1641 3956 63 79 4
