3126 4141
288 428 83 36 You
391 439 72 24 can
480 438 77 36 say,
575 424 102 43 well,
696 422 93 50 they
808 433 52 38 go
877 419 184 50 together.
1080 416 93 38 And

235 487 90 49 they
335 485 65 36 do.
413 485 72 35 But
496 482 93 50 they
600 482 82 36 also
693 491 82 25 war
787 480 153 47 against
950 476 96 38 each
1055 474 118 38 other.

235 543 49 36 So
301 553 63 25 we
384 540 121 38 credit
524 535 258 50 scholarship.
802 535 66 35 It's
887 535 87 35 nice
992 532 30 36 if
1039 531 135 50 you're

236 600 148 36 known
400 609 43 25 as
460 609 20 24 a
498 595 107 50 good
622 594 162 43 teacher,
800 592 71 36 but
888 589 165 50 nobody
1071 589 106 49 quite

236 657 139 35 knows
389 654 109 38 what
512 652 83 38 that
609 649 146 39 animal
770 650 43 36 is.

238 715 49 44 Q.
307 713 60 35 Do
386 721 60 25 we
463 707 176 49 overrely
658 718 50 25 on
728 704 187 52 graduate
932 701 178 39 students
1128 712 49 25 on

238 769 66 38 the
323 764 313 52 undergraduate
655 761 120 39 level?
794 761 118 36 What
932 759 80 36 role
1031 757 52 38 do
1102 769 76 36 you

238 838 66 27 see
323 824 68 39 the
409 822 184 50 teaching
614 820 180 38 assistant
817 830 41 27 as
879 816 154 50 playing
1055 814 36 38 in
1115 813 65 39 the

239 882 233 39 classroom?

241 943 46 35 A.
307 942 16 35 I
343 939 113 38 think
477 937 66 38 the
564 939 80 35 mix
666 935 44 36 of
729 935 132 35 senior
880 931 211 52 professor,
1115 929 44 36 ad-

239 995 153 39 vanced
403 995 192 52 graduate
606 992 173 43 student,
792 989 79 38 and
880 989 219 50 beginning
1112 997 47 25 un-

243 1054 261 52 dergraduate
521 1050 173 43 student,
715 1046 320 52 undergraduate
1054 1046 129 47 major,

244 1110 77 39 and
340 1109 323 50 undergraduate
682 1104 222 52 generalist,
923 1102 85 38 that
1027 1101 96 36 kind
1143 1099 43 36 of

244 1170 79 35 mix
342 1167 208 38 somehow
569 1167 33 35 is
622 1161 222 50 absolutely
863 1159 194 38 essential.
1079 1159 63 35 It's
1164 1170 20 24 a

244 1228 79 35 mix
335 1227 39 35 in
389 1235 72 39 age
474 1222 79 38 and
565 1222 203 49 expertise.
784 1220 11 35 I
809 1217 113 38 think
932 1216 83 36 that
1027 1214 83 36 TAs
1123 1225 63 24 are

244 1282 195 43 essential,
454 1283 69 35 not
534 1280 79 49 just
627 1282 41 33 to
682 1276 118 38 make
813 1287 68 38 my
896 1274 65 36 life
976 1274 131 41 easier,
1121 1271 44 36 be-

246 1351 117 25 cause
380 1340 28 35 it
425 1335 167 43 doesn't,
611 1334 180 49 actually:
809 1332 30 36 if
854 1331 139 50 you're
1009 1331 121 47 going
1148 1332 39 30 to

247 1402 60 46 try
321 1402 39 30 to
373 1394 113 38 teach
498 1394 85 36 TAs
597 1397 41 31 to
652 1391 123 41 teach,
789 1387 134 38 which
934 1398 63 24 we
1011 1386 50 36 all
1076 1389 60 44 try
1150 1389 39 31 to

249 1454 66 43 do,
326 1452 61 38 it's
402 1450 77 38 like
490 1449 124 50 doing
627 1447 165 38 another
803 1457 150 25 course.
967 1443 82 36 You
1061 1439 91 38 read
1167 1452 22 24 a

247 1509 117 39 batch
376 1509 44 36 of
435 1518 143 39 papers
592 1506 99 36 with
706 1504 121 41 them;
843 1513 80 39 you
940 1512 76 38 say,
1176 1498 13 36 I

250 1569 90 49 give
357 1565 82 38 that
458 1576 50 24 an
524 1564 49 41 A,
592 1561 79 38 and
691 1572 82 39 you
792 1561 88 49 give
899 1557 85 38 that
1002 1569 22 25 a
1043 1556 36 36 B.
1098 1553 93 38 And

250 1636 82 38 you
345 1635 93 38 may
450 1622 50 36 be
515 1620 115 50 right,
644 1619 72 38 but
731 1617 94 49 why
841 1614 71 39 did
926 1627 82 38 you
1024 1614 90 49 give
1128 1613 28 35 it
1170 1622 22 25 a

252 1682 27 36 B
290 1679 79 39 and
383 1680 14 36 I
409 1680 90 49 give
512 1679 28 35 it
553 1690 22 24 a
672 1674 57 38 Or
740 1685 80 39 you
833 1674 104 35 have
948 1671 109 38 them
1069 1671 88 47 give
1172 1680 20 24 a

254 1739 153 36 lecture.
420 1735 57 36 Or
490 1746 82 38 you
586 1735 49 35 sit
649 1735 39 35 in
702 1743 44 25 or
759 1731 94 38 shift
868 1728 154 38 around
1036 1726 66 38 the
1115 1726 58 36 dis-

254 1795 157 35 cussion
425 1794 181 36 sections.

310 1850 117 38 What
444 1847 55 39 I'd
518 1847 77 38 like
609 1852 43 31 to
669 1857 66 27 see
751 1847 33 35 is
802 1857 50 25 an
868 1844 159 36 interim
1041 1839 96 38 kind
1154 1839 44 36 of

255 1909 184 52 position.
461 1907 44 36 In
526 1906 66 36 the
611 1902 69 38 old
702 1902 112 50 days,
836 1901 109 36 there
965 1898 101 38 used
1088 1901 39 33 to
1146 1896 50 38 be

255 1965 146 39 what's
424 1962 132 39 called
580 1973 54 25 an
654 1964 230 38 instructor,
928 1970 22 24 a
970 1956 227 49 beginning

257 2022 153 38 teacher
424 2020 96 36 who
534 2019 129 38 didn't
679 2019 109 49 quite
802 2016 102 36 have
918 2014 61 36 his
994 2013 145 50 degree

258 2080 153 43 almost,
424 2077 50 38 all
483 2077 74 38 but
567 2076 68 38 the
646 2074 252 38 dissertation
907 2071 132 38 which
1050 2082 85 24 was
1148 2068 35 36 al-

260 2140 102 33 most
378 2135 118 36 done.
515 2134 57 36 I'd
591 2132 77 38 like
685 2135 41 33 to
743 2128 249 39 reintroduce
1009 2126 93 43 that,
1121 2124 79 36 and

260 2194 72 36 call
342 2195 28 35 it
381 2205 52 25 an
444 2195 209 33 instructor
663 2200 46 25 or
720 2187 164 38 lecturer
894 2197 46 25 or
950 2184 183 47 teaching
1143 2194 39 25 as-

261 2252 156 39 sociate;
431 2260 83 39 you
529 2247 126 49 ought
671 2250 41 31 to
731 2247 88 47 give
836 2239 205 41 advanced
1058 2239 120 50 gradu-

261 2312 61 31 ate
334 2306 181 38 students
529 2317 20 25 a
562 2304 55 36 lot
628 2313 112 25 more
750 2298 239 39 intellectual
1002 2298 150 47 leeway
1162 2301 41 31 to

261 2364 142 49 design
424 2373 20 25 a
465 2361 98 36 kind
584 2359 43 36 of
644 2357 115 38 small
780 2369 151 44 course.
951 2353 154 38 There's
1128 2353 76 35 this

263 2420 96 36 kind
376 2419 44 38 of
436 2428 213 28 consumer
665 2417 104 35 view
791 2414 80 36 that
890 2425 24 24 a
932 2414 137 49 parent
1088 2409 69 36 has
1176 2408 31 38 if

263 2490 82 36 you
364 2488 79 38 pay
460 2474 157 44 $25,000
636 2485 22 24 a
677 2483 102 38 year,
798 2482 80 38 you
896 2472 110 33 want
1025 2466 65 38 the
1107 2465 98 38 best.

263 2534 83 36 You
367 2535 107 35 want
494 2531 66 38 the
581 2529 68 38 old
671 2540 106 30 man,
798 2539 99 25 even
920 2526 30 35 if
967 2524 85 36 he's
1072 2523 134 38 senile,

268 2589 170 50 (laughs)
454 2587 94 36 And
564 2587 117 35 that's
696 2595 120 38 crazy.
831 2584 36 36 A
880 2583 57 36 lot
951 2581 43 36 of
1008 2592 99 38 your
1123 2578 85 38 best

268 2647 180 49 teaching
458 2647 33 35 is
502 2644 107 38 done
617 2644 55 49 by
683 2652 180 39 younger
872 2639 146 50 people
1028 2636 99 38 with
1139 2639 54 33 tre-

269 2702 197 38 mendous
485 2712 151 38 energy,
655 2699 82 36 and
754 2698 99 38 with
871 2709 20 25 a
912 2693 165 39 focused
1096 2694 94 35 inter-

269 2765 60 31 est
350 2770 55 25 on
425 2757 244 49 something.
691 2754 162 38 There's
877 2765 20 24 a
921 2753 55 35 lot
1000 2751 43 36 of
1061 2761 150 38 energy

271 2817 118 43 there,
403 2828 22 25 a
439 2814 57 38 lot
509 2813 43 38 of
565 2813 269 50 imagination.

271 2876 52 44 Q.
348 2874 99 36 How
469 2871 54 38 do
543 2882 77 38 you
644 2868 99 50 keep
765 2865 175 54 yourself
961 2861 153 41 excited
1137 2860 74 41 and

274 2926 231 41 interested?

274 2989 46 36 A.
334 2987 87 36 Part
433 2986 44 36 of
488 2987 27 35 it
529 2995 94 39 goes
636 2983 99 38 with
748 2994 68 36 my
828 2980 183 49 teaching
1024 2978 99 49 style
1137 2976 77 36 and

276 3047 187 35 interests.
477 3041 115 50 Right
605 3052 101 30 now,
718 3039 74 35 I'm
800 3039 79 47 just
890 3033 246 49 unalterably
1146 3044 47 38 op-

276 3101 128 52 posed
425 3104 41 31 to
488 3099 66 36 the
575 3096 98 38 kind
694 3096 44 36 of
757 3093 247 50 Republican
1025 3091 170 36 Counter-

277 3156 231 39 revolution.
523 3154 14 36 I
550 3153 113 38 think
676 3154 28 35 it
717 3153 33 35 is
764 3151 132 43 idiotic,
909 3148 79 38 and
1003 3148 82 36 that
1098 3146 121 49 keeps

279 3214 65 36 the
356 3213 123 38 blood
496 3213 165 47 flowing
676 3213 41 33 to
732 3220 69 36 my
814 3208 124 36 brain.
954 3205 91 36 And
1061 3205 74 35 I'm
1150 3208 52 31 ter-

279 3269 99 49 ribly
394 3265 213 41 interested
624 3268 41 33 in
682 3265 68 36 the
764 3265 277 36 environment
1058 3258 80 38 and
1156 3271 44 24 en-

279 3323 364 43 vironmentalism,
661 3320 139 38 which
819 3320 16 36 I
857 3318 115 38 don't
992 3318 123 35 know
1139 3317 83 35 that

282 3381 120 38 much
414 3380 131 38 about.
559 3378 50 36 So
622 3378 31 35 if
663 3387 83 39 you
757 3376 104 36 have
872 3387 52 24 an
937 3376 169 38 interest,
1118 3370 79 36 like
1209 3370 13 36 I

282 3439 112 43 have,
406 3438 82 36 that
501 3439 80 35 sort
592 3435 43 38 of
644 3433 165 50 spreads
820 3443 131 25 across
962 3430 65 36 the
1038 3428 187 41 timeline,

283 3494 61 36 it's
365 3498 69 33 not
454 3491 99 38 hard
575 3496 41 31 to
635 3491 101 47 keep
757 3501 112 25 some
888 3488 235 36 excitement
1143 3483 82 36 that

283 3562 94 38 way.
392 3551 14 36 I
419 3548 139 38 would
573 3551 159 46 suspect
745 3545 82 36 that
839 3554 102 27 even
954 3543 30 35 if
995 3553 82 39 you
1088 3542 104 36 have
1205 3553 20 24 a

285 3605 153 52 period,
461 3605 83 36 that
567 3603 30 36 if
616 3614 82 38 you
718 3600 167 39 worked
907 3613 24 24 a
951 3597 142 50 period
1115 3595 112 44 hard,

287 3674 117 38 every
419 3661 115 49 angle
550 3660 77 38 and
643 3661 132 35 vision
789 3657 82 38 that
885 3668 82 39 you
981 3655 94 36 took
1088 3652 139 38 would

287 3718 106 36 have
416 3718 90 35 that
528 3726 117 27 same
666 3717 261 35 excitement.
953 3712 115 35 Mine
1091 3712 33 33 is
1148 3709 80 49 just

288 3775 142 49 spread
444 3778 71 33 out
529 3784 96 25 over
638 3783 24 25 a
674 3770 57 38 lot
745 3770 43 36 of
800 3769 162 52 periods
976 3767 79 38 and
1071 3769 124 35 times.

348 3830 13 36 I
376 3833 107 33 went
501 3839 115 36 away
631 3827 74 38 last
723 3838 99 38 year,
839 3825 14 36 I
871 3824 80 38 had
969 3835 22 25 a
1008 3820 220 39 sabbatical.

290 3887 110 36 After
413 3898 22 24 a
449 3885 145 36 certain
609 3888 165 31 amount
789 3882 43 36 of
844 3882 106 41 time,
965 3891 80 36 you
1060 3882 65 46 get
1139 3890 20 24 a
1175 3888 55 25 se-

1224 25 142 31 mester
1376 19 57 38 off
1443 19 98 36 with
1551 16 69 38 full
1633 28 82 36 pay,
1729 27 43 24 or
1784 27 19 24 a
1816 25 90 38 year
1918 13 57 36 off
1984 13 30 35 if
2024 11 123 50 you'll

1224 77 112 36 work
1351 76 60 36 for
1427 74 82 36 half
1524 85 83 39 pay.
1624 72 91 36 And
1734 72 69 35 I'm
1820 82 44 25 so
1883 68 178 50 (giggles)
2080 66 44 38 ab-

1225 135 192 36 stemious
1438 132 77 36 and
1540 131 98 49 tight
1658 129 82 36 that
1761 129 14 35 I
1797 126 118 38 could
1935 135 169 39 manage
2124 135 22 25 a

1225 191 131 36 whole
1370 202 91 38 year
1476 200 54 24 on
1543 189 36 33 it.
1597 187 13 35 I
1624 189 107 33 went
1745 186 123 36 down
1880 187 41 31 to
1935 183 65 36 the
2013 183 135 35 Maine

1225 247 151 43 woods,
1387 252 39 30 to
1436 257 68 38 my
1513 255 172 27 summer
1696 243 117 49 place,
1825 239 76 38 and
1912 238 236 36 hibernated.

1227 306 14 35 I
1261 309 126 31 wrote
1409 313 123 30 some,
1554 299 91 36 read
1669 310 19 25 a
1712 299 65 36 lot.
1802 299 123 46 Every
1948 307 96 25 once
2066 296 39 33 in
2128 306 22 25 a

1227 361 117 36 while
1353 372 80 38 you
1444 362 102 46 gotta
1557 361 61 46 get
1630 369 117 36 away.
1757 356 71 35 But
1838 353 222 49 essentially,
2071 362 79 38 you

1228 417 112 38 don't
1351 420 107 31 want
1469 420 39 30 to
1521 419 63 46 get
1595 424 112 38 away
1721 413 58 35 for
1792 416 65 31 too
1869 411 102 47 long,
1983 408 167 36 because

1230 488 79 36 you
1320 476 94 35 miss
1424 472 65 36 the
1498 471 154 49 college.
1661 469 80 36 You
1753 471 91 33 miss
1855 479 98 38 your
1964 465 186 38 students.

1236 866 123 38 While
1370 866 14 35 I
1394 865 143 50 greatly
1546 863 115 38 value
1671 861 208 36 classroom
1887 861 277 47 participation,

1236 926 14 35 I
1265 923 110 38 don't
1387 920 157 38 include
1557 923 27 33 it
1597 921 39 33 in
1649 918 65 36 the
1726 917 93 36 final
1831 915 132 50 grade,
1975 913 162 49 usually.
2151 913 14 35 I

1236 980 113 38 think
1361 986 41 30 to
1414 978 169 49 develop
1597 987 20 25 a
1630 975 143 38 careful
1786 973 128 36 rubric
1926 972 58 36 for
1997 973 135 49 giving
2145 981 20 24 a

1238 1038 121 50 grade
1375 1047 52 27 on
1444 1035 213 38 classroom
1671 1031 285 50 participation,
1972 1028 61 36 it's
2049 1027 118 49 really

1239 1098 107 47 quite
1359 1107 22 24 a
1394 1091 167 38 difficult
1573 1091 123 47 thing,
1709 1088 77 38 and
1802 1088 77 36 I've
1890 1091 68 31 not
1967 1085 104 38 been
2082 1083 85 38 able

1239 1157 39 30 to
1296 1151 124 49 figure
1436 1150 80 36 that
1531 1153 79 31 out.

1241 1211 50 43 Q.
1313 1205 99 50 Why
1433 1205 63 38 did
1518 1216 76 38 you
1619 1203 164 36 become
1803 1213 22 25 a
1847 1198 151 49 Faculty
2020 1195 146 46 Fellow,

1243 1263 74 38 and
1334 1263 88 49 why
1438 1261 98 38 have
1550 1272 77 36 you
1643 1257 132 50 stayed
1792 1257 91 36 with
1899 1255 76 38 this
1991 1265 176 38 program

1241 1321 63 38 for
1318 1332 44 25 so
1381 1318 109 49 long?

1302 1378 46 36 A.
1367 1378 16 35 I
1398 1378 76 49 just
1491 1375 151 38 believe
1661 1373 91 46 (this
1770 1370 153 38 sounds
1940 1381 44 25 so
2003 1370 169 35 obvious

1244 1436 120 36 when
1373 1435 14 36 I
1400 1446 68 36 say
1479 1433 43 46 it)
1534 1431 82 36 that
1627 1430 63 36 the
1702 1430 65 35 life
1776 1428 43 36 of
1828 1428 65 36 the
1906 1425 110 38 mind
2027 1424 145 39 should

1244 1504 52 39 go
1318 1504 55 24 on
1394 1491 102 49 right
1518 1487 175 50 through
1715 1487 63 36 the
1802 1485 79 49 day
1902 1482 79 38 and
2003 1485 83 33 into
2109 1482 66 36 the

1246 1550 121 49 night.
1384 1548 87 36 One
1485 1546 41 36 of
1540 1545 63 38 the
1619 1543 310 38 manifestations
1942 1540 43 38 of
1998 1539 74 38 this
2088 1540 31 35 is
2134 1543 41 31 to

1246 1606 112 36 have
1387 1603 162 49 faculty
1581 1603 135 47 living
1746 1613 55 24 on
1830 1608 180 39 campus
2041 1595 135 49 doing

1247 1661 254 50 thoughtful,
1524 1660 255 38 substantive
1803 1665 214 43 programs
2039 1654 137 36 where

1247 1718 145 52 people
1411 1729 65 25 are
1493 1715 178 50 engaged
1693 1717 39 35 in
1751 1726 20 24 a
1791 1724 96 36 very
1906 1710 180 38 different
2104 1713 55 31 set-

1249 1780 83 47 ting
1342 1776 94 36 than
1446 1787 22 25 a
1479 1773 140 50 typical
1628 1772 211 38 classroom
1849 1770 150 47 setting.
2009 1769 35 35 A
2052 1778 124 38 group

1250 1833 43 38 of
1302 1846 47 25 us
1359 1844 102 25 were
1472 1833 132 47 sitting
1616 1830 63 35 the
1690 1828 110 36 other
1809 1825 110 50 night
1932 1830 35 31 at
1980 1825 39 35 11
2031 1822 148 38 o'clock

1252 1894 39 33 in
1313 1891 63 35 the
1397 1891 170 46 evening
1586 1890 41 33 in
1646 1899 22 24 a
1688 1882 348 54 nicely-furnished
2057 1882 124 47 living

1252 1961 115 25 room
1387 1948 80 47 just
1488 1946 164 47 coming
1674 1948 41 31 to
1737 1943 110 49 grips
1871 1939 99 38 with
1992 1937 191 38 different

1254 2006 123 36 ideas.
1402 2005 66 35 It's
1488 2014 98 38 very
1608 2005 219 46 important
1847 2003 41 31 to
1912 1997 54 36 do
1986 1995 93 44 this,
2101 1994 80 36 and

1254 2061 173 49 through
1443 2060 87 43 this,
1545 2065 39 31 to
1598 2058 115 49 bring
1728 2057 110 35 other
1854 2052 307 49 faculty/admin-

1255 2120 170 36 istrative
1436 2117 150 50 people,
1598 2113 169 49 through
1776 2112 65 38 the
1852 2110 98 38 door
1959 2121 44 25 so
2014 2109 82 36 that
2106 2112 60 31 stu-

1257 2176 113 36 dents
1381 2187 72 24 can
1463 2178 102 31 meet
1575 2172 118 41 them,
1706 2170 123 50 again,
1841 2170 39 35 in
1891 2180 20 25 a
1923 2165 180 39 different
2113 2170 54 31 set-

1257 2236 94 46 ting,
1367 2244 76 24 one
1455 2230 83 36 that
1553 2231 39 33 in
1606 2241 20 24 a
1641 2239 94 36 very
1750 2225 77 38 real
1843 2236 112 25 sense
1967 2222 165 49 belongs
2145 2227 41 30 to

1258 2290 192 41 students,
1472 2299 44 25 so
1537 2287 91 49 they
1649 2283 74 36 feel
1743 2293 109 25 more
1871 2287 39 31 at
1929 2291 90 27 ease
2038 2279 148 47 talking

1258 2346 98 38 with
1367 2345 117 36 them.
1496 2343 106 36 Over
1611 2343 65 35 the
1685 2353 123 38 years,
1819 2339 139 38 there's
1967 2337 101 36 been
2079 2346 109 25 some

1260 2406 107 47 great
1386 2405 137 35 events
1540 2400 132 36 where
1693 2395 184 52 speakers
1896 2395 101 35 have
2017 2405 110 25 come
2150 2394 39 35 in

1261 2461 61 36 for
1342 2458 121 50 study
1482 2457 140 38 breaks
1644 2455 79 36 and
1745 2452 180 50 engaged
1946 2450 181 38 students
2150 2460 41 25 in

1261 2528 96 38 very
1372 2515 101 49 deep
1488 2524 120 38 ways.

1321 2575 49 35 To
1383 2575 88 47 give
1482 2583 80 38 you
1573 2581 76 25 one
1660 2567 189 49 example,
1861 2565 118 38 about
1992 2564 77 36 five
2079 2573 113 39 years

1263 2643 87 38 ago,
1364 2630 41 35 in
1417 2628 93 36 1990
1521 2627 118 36 when
1652 2627 85 47 Iraq
1746 2622 80 38 had
1838 2620 173 38 invaded
2024 2620 169 41 Kuwait,

1265 2688 14 36 I
1290 2685 161 39 wanted
1463 2691 41 30 to
1515 2683 101 36 have
1630 2694 49 24 an
1690 2682 181 36 occasion
1882 2679 120 36 when
2013 2676 180 38 students

1265 2743 120 36 could
1395 2742 79 36 talk
1485 2742 118 36 about
1614 2739 74 36 this
1699 2739 195 39 situation,
1906 2739 61 46 get
1980 2745 109 25 some
2099 2732 94 36 facts

1268 2800 79 38 and
1362 2813 65 24 see
1441 2797 132 38 where
1587 2795 50 38 all
1652 2795 43 36 of
1707 2795 76 35 this
1797 2792 126 50 might
1939 2805 60 36 go.
2014 2791 49 36 So
2079 2791 14 35 I
2107 2802 66 38 pro-

1266 2857 123 38 vided
1409 2855 198 36 Professor
1625 2854 145 44 Joanne
1789 2850 98 36 Hart
1906 2847 101 36 from
2027 2846 170 36 Political

1269 2915 156 38 Science
1439 2918 39 31 to
1493 2923 110 25 come
1617 2921 101 25 over.
1732 2909 121 35 There
1866 2918 104 25 were
1984 2904 120 38 about
2118 2909 80 30 two

1269 2970 184 36 hundred
1468 2967 143 50 people
1624 2969 41 33 in
1676 2967 139 46 Emery
1827 2964 172 47 Lounge.
2011 2961 77 36 She
2099 2970 101 38 gave

1271 3039 22 25 a
1310 3027 178 38 fantastic
1504 3024 277 50 presentation,
1797 3019 143 50 people
1956 3016 121 39 asked
2094 3020 107 44 great

1272 3085 205 49 questions
1496 3080 79 38 and
1597 3080 65 36 the
1682 3079 222 36 discussion
1923 3079 106 31 went
2049 3085 52 24 on
2123 3071 79 38 and

1274 3153 54 25 on
1339 3140 77 36 and
1428 3151 61 25 on.
1504 3135 150 50 Finally,
1666 3140 36 31 at
1715 3135 118 35 about
1844 3134 102 36 11:30
1957 3143 44 25 or
2011 3143 57 30 so,
2079 3131 14 36 I
2104 3128 98 38 tried

1274 3203 41 30 to
1328 3195 120 38 break
1461 3197 28 33 it
1506 3194 66 43 off,
1584 3194 71 36 but
1671 3205 20 24 a
1706 3192 104 47 large
1825 3187 167 38 number
2005 3187 43 36 of
2060 3186 143 50 people

1276 3252 139 50 stayed
1427 3265 54 24 on
1493 3254 39 33 in
1546 3261 66 38 my
1627 3250 217 49 apartment
1858 3246 146 47 talking
2017 3243 98 38 with
2128 3243 76 41 her,

1277 3309 79 36 and
1369 3310 28 33 it
1406 3318 83 25 was
1502 3306 167 47 actually
1680 3315 76 25 one
1767 3306 39 33 in
1819 3302 63 36 the
1894 3302 183 46 morning
2087 3299 118 36 when

1277 3378 63 25 we
1354 3364 135 49 finally
1504 3373 109 27 came
1627 3367 41 30 to
1682 3372 50 25 an
1745 3359 91 36 end!

2219 405 52 43 Q.
2296 405 79 33 Has
2397 411 98 36 your
2515 397 184 50 teaching
2721 395 98 50 style
2841 392 178 52 changed
3041 397 38 33 at
3101 405 20 25 a

2219 458 101 38 from
2339 457 115 38 when
2471 468 77 38 you
2565 455 82 36 first
2665 452 145 39 started
2827 450 203 50 teaching?

2220 518 46 35 A.
2279 517 16 36 I
2306 513 137 38 would
2454 524 120 38 guess
2584 512 82 36 that
2677 513 28 35 it
2715 510 139 36 hasn't.
2868 509 120 36 There
3000 518 61 25 are
3072 512 49 31 tw

2222 573 132 49 things
2367 570 82 38 that
2460 581 80 38 you
2551 570 102 35 have
2663 573 43 31 to
2717 569 107 36 learn
2835 578 94 27 over
2940 565 65 36 the
3017 576 104 25 cours

2222 628 44 36 of
2276 628 194 47 teaching.
2482 627 88 36 One
2583 625 43 36 of
2636 625 107 36 them
2756 627 31 33 is
2800 624 93 35 how
2906 627 41 31 to
2957 620 88 36 deal
3057 622 65 35 wit

2224 685 154 50 people
2402 683 98 36 who
2524 682 74 38 ask
2620 694 102 38 very
2746 680 153 38 hostile
2923 680 198 49 question;

2224 742 134 36 which
2369 740 126 49 rarely
2506 740 181 49 happens
2699 743 41 31 to
2751 750 65 24 me
2828 742 38 31 at
2879 737 151 35 Brown.
3044 735 30 35 It
3087 734 35 36 di

2225 800 162 49 happen
2400 803 39 31 to
2454 809 63 24 me
2529 802 38 31 at
2580 795 65 38 the
2655 795 230 49 University
2896 792 43 38 of
2950 792 172 49 Chicago

2227 857 96 36 little
2334 857 58 35 bit
2406 865 121 27 more.
2545 854 143 49 People
2704 865 63 25 are
2783 850 121 38 much
2917 861 110 25 more
3039 847 82 38 info

2227 913 79 38 mal
2317 912 99 38 with
2427 910 175 38 teachers
2611 909 233 50 nowadays,
2855 920 46 24 so
2913 909 13 35 I
2939 906 123 49 rarely
3072 906 49 36 fin

2227 970 85 36 that
2332 970 99 36 kind
2454 969 44 36 of
2517 967 180 49 hostility
2718 976 205 39 anymore,
2945 961 176 52 especial]

2228 1028 104 36 from
2350 1028 145 35 Brown
2513 1024 192 43 students,
2723 1024 74 36 but
2816 1022 28 36 if
2863 1024 28 35 it
2909 1022 194 49 happens,
3120 1022 2 49 ;

2228 1098 79 36 any
2324 1094 85 39 age,
2427 1085 27 33 it
2471 1082 77 36 still
2565 1082 129 36 rattles
2712 1091 91 38 you.
2820 1079 129 38 When
2965 1077 65 36 the
3046 1087 76 39 que

2228 1143 85 35 tion
2332 1151 134 27 comes
2487 1139 79 36 and
2584 1139 123 36 either
2726 1150 80 38 you
2827 1135 112 36 don't
2957 1135 120 35 know
3096 1132 25 36 tl

2231 1209 153 25 answer
2397 1208 44 25 or
2452 1208 80 38 you
2543 1206 72 25 can
2627 1205 113 25 sense
2751 1194 83 36 that
2844 1192 68 36 the
2923 1189 165 39 attitude
3096 1187 25 38 b

2230 1255 99 36 hind
2343 1257 28 35 it
2384 1257 33 35 is
2431 1265 124 38 angry
2567 1252 60 36 for
2641 1265 77 36 any
2731 1261 151 30 reason,
2896 1247 82 38 that
2991 1249 33 35 is
3036 1257 85 27 som

2233 1312 112 49 thing
2364 1310 82 36 that
2465 1309 14 36 I
2496 1309 140 36 would
2654 1309 79 35 like
2750 1312 39 31 to
2809 1306 112 36 think
2940 1306 69 35 I'm
3028 1315 20 24 a
3068 1302 54 36 litt

2231 1370 57 35 bit
2302 1370 124 35 better
2441 1370 38 33 at
2494 1365 192 47 handling
2701 1376 101 24 now.

2293 1425 80 36 The
2387 1424 112 36 other
2513 1422 112 49 thing
2638 1433 82 38 you
2734 1420 102 36 have
2850 1424 39 31 to
2906 1419 107 36 learn
3027 1419 31 35 is
3071 1416 50 36 ho

2236 1488 39 30 to
2291 1485 135 46 accept
2441 1491 101 38 your
2557 1479 304 49 imperfections:
2879 1476 191 47 knowing
3083 1474 38 35 th

2236 1550 113 27 some
2370 1537 145 36 classes
2539 1535 126 49 might
2687 1546 52 38 go
2757 1534 126 36 better
2906 1532 96 36 than
3022 1529 99 38 othei

2236 1595 203 49 knowing
2465 1594 88 36 that
2576 1605 22 25 a
2624 1595 126 46 given
2773 1591 107 38 class
2906 1600 87 25 was
3017 1600 19 24 a
3063 1587 58 35 litt

2236 1654 169 49 choppy,
2417 1650 83 38 that
2512 1661 80 38 you
2605 1649 128 50 forgot
2745 1647 238 47 something,
2994 1644 83 38 that
3088 1657 33 36 yc

2238 1715 68 46 got
2317 1709 225 47 something
2553 1718 151 38 wrong,
2715 1706 82 36 that
2808 1704 66 36 the
2885 1702 181 38 students
3077 1712 44 24 m;

2238 1767 93 49 pick
2342 1769 28 33 it
2383 1776 54 38 up
2452 1764 79 36 and
2542 1769 74 44 put
2627 1765 41 33 in
2679 1764 41 35 in
2732 1761 65 38 the
2809 1759 156 38 Critical
2976 1759 145 36 Review

2239 1822 113 38 think
2365 1822 72 36 last
2450 1833 93 38 year
2556 1820 60 36 for
2627 1820 66 36 the
2706 1819 83 38 first
2802 1820 94 35 time
2909 1817 14 36 I
2934 1827 85 25 was
3031 1813 85 39 able

2241 1880 93 38 read
2351 1879 68 38 the
2436 1877 156 38 Critical
2609 1877 165 41 Review,
2794 1874 80 36 and
2891 1877 69 31 not
2975 1874 79 47 just
3071 1871 35 36 ha-

2243 1951 68 36 my
2323 1937 112 36 heart
2449 1935 90 36 sink
2553 1939 38 31 at
2603 1945 120 38 every
2735 1934 194 36 criticism.

2244 1995 50 44 Q.
2320 1995 61 35 Do
2403 2005 76 36 you
2506 1989 72 39 like
2600 1989 66 38 the
2690 1987 268 39 informalities
2983 1986 109 36 now?
3115 1986 6 55 <

2244 2063 66 25 are
2326 2049 93 49 they
2435 2047 266 49 threatening?

2246 2109 46 36 A.
2306 2109 13 35 I
2332 2109 52 35 do
2397 2107 77 36 like
2487 2109 36 33 it.
2537 2106 65 36 It's
2613 2102 187 50 certainly
2809 2107 71 31 not
2891 2101 233 47 threatening

2246 2165 126 38 don't
2406 2164 85 36 like
2528 2162 85 36 this
2647 2172 128 27 sense
2808 2159 46 36 of
2887 2157 238 38 entitlemei

2246 2219 294 49 Occassionally
2550 2217 121 50 you'll
2682 2222 63 44 get
2756 2217 65 36 the
2833 2216 142 49 feeling
2986 2213 102 36 from
3096 2216 28 33 si

2247 2279 117 38 dents
2383 2277 83 36 that
2483 2276 93 50 they
2594 2287 65 25 are
2676 2274 66 36 the
2759 2274 178 36 children
2954 2271 43 38 of
3013 2269 66 38 the
3096 2274 28 31 t
3124 2269 2 57 2

2249 2335 80 36 and
2343 2335 139 49 you're
2496 2332 66 38 the
2578 2335 110 33 tutor.
2854 2328 112 38 don't
2980 2326 102 38 need
3096 2337 27 38 y

2250 2394 102 49 right
2364 2403 101 30 now,
2479 2389 121 38 thank
2740 2387 79 36 and
2830 2387 85 35 that
2924 2386 181 49 happens
3117 2395 8 24 <

2250 2447 214 50 casionally
2479 2447 98 35 with
2591 2446 143 49 people
2750 2447 150 44 cutting
2913 2443 110 36 class.
3039 2441 14 35 I
3069 2439 54 36 do

2252 2507 76 36 like
2345 2504 143 52 people
2506 2509 39 31 to
2562 2507 65 31 cut
2643 2501 98 38 class
2757 2513 52 24 on
2827 2512 20 25 a
2865 2499 154 50 regular
3033 2498 91 36 basi:

2254 2575 128 30 mean,
2402 2561 77 36 this
2498 2561 33 35 is
2548 2564 71 31 not
2636 2570 20 25 a
2676 2556 340 50 correspondence
3035 2553 90 38 schc

2254 2619 145 50 People
2413 2617 102 36 need
2531 2622 39 31 to
2584 2622 72 43 put
2671 2616 98 36 their
2784 2613 115 38 effort
2915 2614 82 33 into
3009 2613 39 35 it.

2313 2674 148 50 Mostly
2477 2674 13 35 I
2507 2672 85 36 find
2608 2672 80 36 that
2706 2672 13 36 I
2734 2671 76 38 like
2825 2671 66 36 the
2906 2666 219 39 informalit

2255 2734 68 43 lot,
2332 2732 83 38 that
2427 2732 14 35 I
2454 2731 76 36 like
2540 2729 181 38 students
2731 2728 142 49 calling
2885 2737 65 25 me
2957 2726 54 49 by
3022 2735 68 38 my
3102 2723 22 36 fi

2257 2802 128 30 name,
2394 2787 132 36 which
2535 2787 91 49 they
2638 2784 145 38 tended
2794 2789 41 31 to
2844 2783 54 38 do
2909 2794 101 25 even
3019 2781 44 35 20
3074 2792 49 38 ye

2258 2858 85 38 ago.
2356 2846 106 43 Well,
2472 2844 189 49 graduate
2672 2841 180 38 students
2863 2839 148 49 always
3024 2836 80 44 did,
3115 2849 9 24 i

2260 2901 283 52 dergraduates
2565 2899 139 36 didn't.
2724 2899 16 36 I
2759 2898 66 38 tell
2846 2893 279 50 undergradua

2260 2972 93 24 now
2370 2959 94 41 that,
2551 2969 82 36 you
2649 2954 118 50 really
2784 2953 74 38 feel
2876 2951 247 36 uncomforta

2261 3016 157 49 calling
2443 3025 66 24 me
2534 3013 120 43 Rose,
2679 3024 87 38 you
2791 3022 77 25 can
2893 3008 77 38 call
2997 3019 65 24 me
3088 3006 36 35 M

2263 3131 52 44 Q.
2335 3131 60 35 Do
2413 3139 77 38 you
2510 3124 110 38 make
2638 3135 49 25 an
2706 3123 115 38 effort
2838 3126 41 35 to
2896 3126 60 44 try
2973 3126 41 31 to
3033 3131 85 38 pers

2265 3186 76 47 ally
2357 3187 61 46 get
2436 3187 43 35 to
2496 3183 113 38 know
2627 3194 96 36 your
2739 3178 197 39 students?

2265 3244 46 35 A.
2329 3243 76 41 No,
2422 3241 93 35 how
2531 3250 72 25 can
2617 3238 35 36 I?
2668 3238 14 35 I
2698 3236 54 38 do
2767 3236 28 36 if
2809 3236 93 49 they
2918 3236 90 47 give
3022 3246 65 24 me
3101 3236 17 31 tl

2266 3298 268 50 opportunity,
2551 3296 28 36 if
2595 3296 90 47 they
2701 3306 112 25 come
2830 3298 41 31 to
2887 3290 115 38 office
3016 3290 102 36 hour:

2268 3354 93 49 they
2378 3364 113 27 come
2507 3357 39 30 to
2564 3362 63 25 me
2644 3350 96 38 after
2756 3350 109 36 class.
2883 3350 14 35 I
2915 3346 85 38 find
3017 3350 71 33 out
3104 3357 14 24 a

2269 3411 120 36 about
2398 3422 68 38 my
2477 3409 178 36 students
2665 3408 28 36 if
2704 3408 57 36 for
2773 3419 76 36 any
2860 3416 137 27 reason
3008 3402 93 50 they

2271 3480 65 24 me
2345 3468 66 36 the
2422 3465 200 43 evidence;
2635 3463 30 36 if
2674 3463 91 49 they
2776 3472 112 27 come
2901 3461 102 36 from
3013 3460 66 36 the
3090 3471 28 24 sa

2271 3528 77 47 city
2362 3535 43 24 as
2417 3524 14 35 I
2447 3523 65 43 do,
2526 3523 30 35 if
2567 3521 91 49 they
2674 3521 118 36 know
2805 3529 191 27 someone
3009 3515 82 38 that
3106 3515 13 35 I

2272 3581 30 36 if
2317 3580 148 49 they're
2482 3578 151 49 foreign
2649 3576 181 36 students
2847 3575 79 36 and
2943 3573 148 49 they're
3106 3572 13 36 li

2274 3639 68 47 ing
2354 3636 146 36 certain
2517 3635 115 36 kinds
2647 3633 43 38 of
2701 3631 225 49 hardships.
2942 3630 71 36 I'm
3027 3639 91 39 very

2274 3696 109 35 rious
2395 3691 123 38 about
2529 3690 118 43 them,
2658 3690 74 36 but
2743 3690 14 35 I
2770 3688 112 36 don't
2894 3687 93 38 seek
2998 3685 110 38 them
3117 3685 2 47 i

2276 3750 33 36 If
2320 3750 93 49 they
2428 3748 112 36 don't
2554 3746 91 38 seek
2660 3759 65 24 me
2737 3750 80 38 out,
2831 3745 16 36 I
2861 3743 113 36 don't
2989 3742 93 38 seek
3094 3742 24 35 tl

2276 3798 79 55 out.
2367 3805 31 36 If
2406 3805 91 49 they
2509 3803 63 43 do,
2584 3802 28 36 if
2620 3802 88 50 they
2718 3802 101 36 have
2830 3811 77 38 any
2917 3800 115 36 kinds
3041 3798 43 38 of
3091 3809 27 36 pi

2277 3863 110 43 lems,
2400 3861 71 36 I'm
2482 3860 146 47 always
2639 3860 91 36 here
2742 3858 79 36 and
2833 3855 189 39 available
3035 3860 39 31 to
3085 3854 33 36 th

282 94 532 118 Thomas

290 304 301 54 continued
606 304 142 49 from
765 306 134 58 Page
920 302 63 46 23

1301 546 669 145 Heywood

1296 764 296 54 continued
1609 764 140 49 from
1765 764 132 61 Page
1917 762 61 46 25

1743 3935 88 68 32

2279 41 628 120 Subotnik

2279 255 301 52 continued
2597 255 142 47 from
2756 257 134 60 Page
2909 255 63 46 27

1431 3485 299 72 Teaching
1751 3490 68 54 at
1841 3487 211 54 Brown

1369 3587 38 50 Is
1427 3600 68 36 on
1512 3583 90 52 the
1619 3581 170 54 World
1808 3578 148 54 Wide
1973 3576 146 52 Web!

1321 3694 866 79 http://www.netspace.org/herald

1332 3814 172 65 longer
1526 3808 438 58 interviews/more
1986 3806 183 68 photos
