3126 4141
2 255 63 54 ifes
145 257 60 35 it's
222 257 50 35 all
290 269 19 22 a
326 257 238 50 completely
580 258 183 36 different
778 272 90 36 expe-

2 312 90 38 ence
106 312 101 36 from
222 313 107 35 what
343 315 13 33 I
372 324 83 25 was
471 315 99 35 used
587 320 49 30 to.

5 394 8 8 .
35 369 79 35 Can
135 380 74 36 you
230 380 184 38 compare
435 381 96 36 your
551 372 228 47 experience
802 372 88 38 with

2 422 117 43 udent
137 428 38 33 at
197 427 137 35 Brown
354 425 93 36 with
468 425 110 38 those
602 425 41 38 of
661 427 172 36 students
855 433 35 31 at

2 479 72 41 her
90 480 202 36 American
310 482 258 38 universities?

3 537 5 52 .
24 537 87 36 One
124 539 43 35 of
178 539 63 36 the
257 539 131 50 things
403 540 11 35 I
430 540 115 36 relish
559 545 38 31 at
613 542 139 35 Brown
765 543 30 33 is
813 542 77 36 that

2 594 50 54 ;re
63 594 106 36 there
180 598 115 33 exists
309 608 17 24 a
340 602 153 31 context
504 597 131 38 where
646 598 178 49 teaching
836 598 41 36 lit-

5 655 109 31 ature
134 654 31 35 is
186 654 211 49 extremely
419 655 224 47 important.
665 655 79 35 The
765 655 124 36 desire

16 707 120 50 study
151 709 79 36 and
244 709 148 38 benefit
408 710 102 36 from
526 712 63 36 the
605 712 238 38 humanities
858 715 31 35 is

2 767 55 47 ;ry
69 772 189 43 apparent
272 772 36 30 at
323 767 151 36 Brown.
487 767 91 36 And
592 769 181 36 students
787 775 82 30 actu-

2 820 38 55 ly
49 828 200 31 comment
260 828 41 31 to
312 836 82 36 you
405 824 102 38 here!
520 825 110 36 After
641 827 66 36 the
718 827 172 49 drought

17 879 194 44 Stanford,
231 880 77 35 this
326 880 162 36 seemed
509 883 183 49 amazing
712 888 38 30 to
770 896 63 24 me
852 890 38 30 at

2 935 55 41 rst.
82 935 13 35 I
118 935 183 38 couldn't
321 937 156 38 believe
501 939 120 36 when
643 940 13 35 I
677 940 140 36 would
839 942 50 35 be

2 991 139 55 aching
159 1003 19 25 a
197 1005 140 24 course
354 995 41 33 in
413 994 186 38 Classical
620 995 269 50 17th-century

5 1054 104 31 eater
120 1050 77 36 and
211 1052 139 36 would
362 1052 102 36 have
477 1052 66 38 the
556 1054 187 36 numbers
756 1055 43 35 of
809 1060 60 30 stu-

2 1107 72 43 ;nts
87 1107 82 35 that
180 1107 14 35 I
206 1107 93 43 had,
310 1107 79 38 and
403 1109 77 36 still
493 1109 63 36 do.
570 1110 50 36 So
631 1110 66 36 the
710 1110 126 38 desire
847 1112 43 36 of

3 1175 20 24 e
44 1164 181 36 students
247 1169 39 33 to
307 1165 121 49 study
449 1165 197 38 literature
665 1180 83 24 was
770 1169 118 49 really

2 1219 63 54 rite
80 1219 208 52 satisfying
302 1224 39 33 in
356 1222 66 36 the
438 1222 82 36 first
535 1224 121 49 place.

16 1277 153 36 Second
187 1277 43 38 of
244 1279 63 43 all,
326 1279 65 36 the
408 1280 181 36 students
608 1280 43 36 of
666 1282 140 36 Brown
824 1294 63 24 are

2 1334 25 54 )t
38 1334 209 49 paralyzed
263 1337 39 33 in
313 1335 109 36 class.
436 1337 107 49 They
553 1337 77 38 like
643 1342 39 33 to
693 1339 90 43 talk,
795 1339 91 49 they

2 1402 20 25 e
31 1402 96 39 very
140 1392 323 46 demonstrative,
476 1406 96 38 very
584 1395 209 38 interested
808 1397 77 36 and

2 1447 50 50 ■ry
65 1447 255 39 enthusiastic
335 1450 121 36 about
469 1452 66 36 the
548 1454 187 36 material.
750 1454 90 36 This
855 1455 30 35 is

2 1506 195 54 matched
211 1507 211 49 anywhere
435 1507 80 38 else
526 1509 14 35 I
553 1509 102 38 have
668 1510 148 49 taught,
830 1513 38 33 in-

2 1561 134 52 uding,
161 1562 61 36 for
244 1564 202 49 example,
468 1565 102 36 Yale.
595 1565 109 36 Even
726 1567 121 35 when
872 1567 11 35 I

2 1619 66 54 >n't
79 1619 76 36 like
169 1619 181 50 teaching
419 1633 80 38 yes,
512 1620 83 38 that
606 1622 192 50 happens!
872 1625 11 35 I

2 1674 72 41 row
93 1674 82 38 that
192 1676 98 36 after
307 1677 79 36 five
402 1690 46 24 or
465 1682 63 33 ten
545 1680 173 35 minutes
735 1691 77 24 one
828 1682 38 33 in-

2 1732 145 50 resting
170 1735 202 47 question,
395 1746 44 24 or
461 1746 106 25 even
587 1748 77 24 one
688 1737 195 36 interested

2 1791 148 49 lestion,
169 1791 31 35 is
216 1792 123 47 going
354 1795 41 31 to
413 1795 90 31 turn
520 1792 66 36 the
602 1794 99 35 class
718 1794 164 44 around,

5 1849 14 31 t
30 1846 27 35 it
68 1846 121 49 going
202 1846 77 36 and
291 1847 176 36 rekindle
480 1860 66 38 my
557 1850 157 36 interest
726 1850 79 36 and
817 1863 66 36 my

2 1902 107 52 lergy.
132 1902 13 35 I
169 1902 123 49 really
313 1904 115 36 think
450 1906 77 36 this
553 1907 31 35 is
606 1907 216 47 particular
843 1912 41 31 to

3 1969 104 33 own,
126 1959 79 36 and
227 1959 30 36 if
274 1959 77 38 this
370 1961 135 36 school
526 1967 107 44 stays
654 1964 82 36 that
753 1976 94 36 way,
869 1965 13 35 I

2 2014 65 54 ink
83 2017 28 35 it
129 2016 82 36 will
230 2019 150 35 remain
398 2028 20 27 a
439 2030 96 38 very
553 2019 192 36 desirable
765 2022 98 35 situa-

2 2072 35 36 in
52 2072 58 36 for
126 2085 72 24 me.

0 2128 5 54 .
28 2131 60 35 Do
109 2140 76 36 you
206 2128 98 39 have
324 2142 74 38 any
420 2132 176 49 negative
617 2132 265 39 observations

5 2191 68 31 out
90 2187 156 36 Brown?

14 2243 121 38 There
153 2255 63 25 are
230 2255 113 25 some
359 2246 143 49 things,
518 2246 43 36 of
575 2258 150 31 course,
740 2249 14 35 I
770 2247 112 38 don't

0 2299 30 55 :e
49 2299 121 38 about
191 2301 153 44 Brown,
365 2302 79 36 and
466 2304 72 36 I'm
559 2304 124 38 afraid
706 2306 91 49 they
819 2318 63 24 are

0 2359 197 52 nstitutive
206 2362 41 31 to
257 2359 65 35 the
638 2361 41 36 of
687 2362 65 36 the
761 2362 118 49 place,

0 2414 55 52 .ve
66 2414 98 36 with
176 2417 28 33 it
214 2414 170 38 because
395 2417 61 36 it's
471 2417 65 36 the
548 2420 183 46 negative
742 2419 87 36 side
839 2419 43 36 of

0 2469 176 54 mething
194 2472 13 35 I
222 2471 113 36 think
353 2474 31 35 is
400 2472 118 50 good.
537 2474 65 36 It's
619 2474 82 38 that
717 2474 77 38 this
809 2477 30 35 is
857 2488 22 24 a

0 2528 170 50 liversity
183 2528 82 38 that
279 2531 31 35 is
323 2542 96 36 very
433 2531 156 36 relaxed
605 2532 77 35 and
698 2532 159 36 comfort-

3 2583 35 36 le
47 2584 41 35 in
101 2584 63 35 the
176 2584 224 38 classroom:
413 2586 142 38 there's
565 2600 55 24 no
630 2589 249 49 uptightness

11 2639 63 36 the
93 2644 255 47 community,
369 2644 132 36 which
520 2646 33 35 is
572 2646 118 49 good.
712 2646 72 36 But
803 2646 76 36 this

0 2698 33 52 so
49 2702 146 31 reverts
211 2702 52 39 to,
280 2699 11 35 I
310 2698 121 44 think,
449 2712 20 24 a
488 2706 93 44 type
595 2701 44 36 of

13 2753 66 38 the
90 2759 88 43 part
187 2754 43 38 of
239 2756 66 36 the
317 2757 192 43 students,
520 2759 252 50 particularly
783 2761 96 35 with

0 2809 83 54 jard
98 2814 38 31 to
146 2813 140 49 timing
296 2813 43 35 of
346 2825 145 38 papers
501 2814 77 36 and
591 2819 206 33 vacations.
811 2817 44 36 Va-

0 2868 98 55 tions
109 2868 148 50 always
268 2880 109 27 seem
387 2874 39 33 to
438 2871 118 50 begin
567 2872 93 50 long
671 2872 132 38 before
813 2874 65 36 the

0 2924 25 54 :t
44 2929 38 31 at
101 2924 153 38 Brown!
274 2926 61 43 So,
356 2928 14 35 I
387 2928 140 38 would
548 2940 71 38 say
639 2929 79 38 that
739 2931 66 36 the
822 2943 38 24 re-

0 2981 63 50 ced
79 2983 250 49 atmosphere
343 2989 39 31 at
398 2984 142 36 Brown
554 2987 33 35 is
603 2986 219 38 conducive
838 2994 39 31 to

0 3038 203 55 discipline
222 3039 99 36 with
342 3041 162 49 regards
526 3046 41 33 to
587 3043 68 36 the
674 3046 142 47 timing
836 3046 44 35 of

2 3106 90 38 pers
107 3096 79 36 and
202 3096 132 50 things
348 3098 77 36 like
439 3098 93 36 that.

11 3150 113 36 What
135 3150 54 38 do
202 3164 74 36 you
290 3151 106 38 think
408 3165 135 27 causes
557 3157 134 35 Brown
706 3156 172 38 students

3 3203 49 41 be
65 3217 44 27 so
123 3208 216 49 outspoken
354 3209 76 36 and
446 3209 301 41 demonstrative
762 3213 35 36 in
811 3213 66 38 the

0 3265 178 35 tssroom?

5 3320 47 36 A.
74 3321 13 35 I
107 3321 113 36 think
239 3323 66 36 the
326 3324 252 49 atmosphere
595 3324 44 36 of
657 3326 66 36 the
742 3328 134 36 school

0 3376 146 43 omotes
164 3376 93 36 that.
272 3378 80 36 The
369 3380 181 36 students
565 3381 74 36 feel
657 3383 80 36 that
751 3383 76 36 this
843 3384 33 35 is

2 3431 113 38 chool
126 3433 132 38 where
269 3446 82 38 you
361 3436 148 36 should
520 3449 161 38 express
691 3439 183 49 yourself,

0 3491 38 47 re
54 3499 101 38 your
172 3491 178 47 opinion,
370 3493 77 35 and
468 3493 91 43 talk,
578 3494 90 43 talk,
688 3494 88 36 talk.
795 3496 79 36 The

0 3546 90 47 isses
101 3546 14 35 I
126 3546 129 47 prefer
265 3559 65 25 are
340 3548 65 36 the
417 3561 96 24 ones
526 3551 41 33 in
576 3550 132 36 which
718 3551 66 36 the
795 3557 60 31 stu-

0 3602 61 57 nts
77 3602 238 38 themselves
331 3616 113 25 come
460 3617 54 38 up
529 3606 99 36 with
644 3608 230 50 fascinating

0 3658 68 54 ;as,
82 3658 80 36 and
178 3658 83 38 that
276 3672 129 25 seems
422 3666 39 31 to
477 3661 162 50 happen
654 3676 20 24 a
691 3663 65 36 lot!
773 3665 63 36 It's
852 3677 22 24 a

0 3713 50 50 od
63 3715 255 49 atmosphere.
332 3717 61 36 It's
405 3729 22 24 a
438 3718 132 36 school
581 3720 131 36 where
721 3721 65 36 the
795 3726 60 31 stu-

0 3769 39 54 nt
52 3769 110 50 body
176 3772 98 36 does
288 3778 69 31 not
370 3780 183 43 promote
567 3776 239 43 inhibitions;
820 3791 54 22 on

0 3828 11 52 ;
24 3830 187 46 contrary,
227 3828 13 35 I
257 3828 112 36 think
383 3828 109 38 there
504 3831 31 35 is
553 3843 20 24 a
589 3831 189 49 euphoric
792 3835 80 35 will

3 3891 69 39 say
90 3883 227 49 something
334 3888 41 33 in
392 3887 110 43 class,
521 3891 43 31 to
580 3888 50 36 be
647 3894 167 43 present,
833 3896 41 30 to

13 3939 178 36 counted
213 3942 43 33 in
277 3940 66 36 the
364 3945 255 47 community
641 3945 79 36 and
743 3948 41 33 in
806 3946 66 36 the

3 4003 165 25 ssroom.

964 409 266 54 PROFILE:
1265 411 208 54 KAREN
1502 413 265 69 FISCHER,
1795 416 334 57 GEOLOGY

961 524 249 110 The
1255 524 554 115 Rewards
1860 528 142 112 of
2033 528 587 120 Disasters

961 715 209 35 Professor
1195 715 44 36 of
1260 715 187 52 Geology
1472 718 131 36 Karen
1628 720 159 36 Fischer
1811 721 71 36 has

957 770 150 38 shaken
1118 772 128 49 things
1257 784 55 38 up
1326 776 36 33 in
1373 775 93 36 both
1477 775 66 36 her
1554 776 98 35 roles
1665 787 39 24 as
1715 778 167 35 scientist

959 828 83 35 and
1106 828 181 38 teacher.
1348 831 35 35 A
1441 833 294 47 seismologist
1797 835 85 36 and

957 885 298 47 geophysicist,
1280 888 159 36 Fischer
1465 890 230 35 researches
1718 891 164 36 seismic

956 953 142 25 waves
1123 945 41 33 in
1189 956 50 22 an
1265 950 175 44 attempt
1465 950 39 31 to
1529 946 258 38 understand
1813 950 69 35 the

956 998 145 36 earth's
1120 1002 165 35 interior.
1306 1002 55 36 As
1381 1013 20 25 a
1422 1002 157 44 teacher,
1602 1003 151 36 Fischer
1772 1005 110 36 leads

956 1066 76 25 one
1054 1057 269 50 introductory
1343 1060 169 47 geology
1534 1072 146 31 course,
1701 1061 181 50 Geology

954 1113 47 35 58
1025 1113 192 47 (Physical
1239 1115 200 36 Processes
1463 1117 76 35 and
1562 1117 317 39 Environmental

954 1169 334 50 Consequences),
1304 1172 117 50 along
1433 1173 94 36 with
1543 1178 79 33 two
1636 1176 243 47 upper-level

954 1227 176 43 classes,
1186 1228 197 50 Geology
1436 1231 71 33 161
1564 1230 135 46 (Solid
1753 1233 128 36 Earth

954 1282 261 50 Geophysics)
1236 1287 79 36 and
1335 1287 176 49 Geology
1532 1290 66 35 165
1620 1290 258 49 (Earthquake

954 1340 272 50 Seismology).

1013 1398 126 36 When
1153 1400 154 36 Fischer
1320 1400 165 38 decided
1502 1406 39 31 to
1554 1414 52 38 go
1622 1405 79 35 into
1717 1406 161 41 science,

953 1455 27 35 it
995 1466 82 24 was
1094 1468 52 24 no
1162 1458 170 49 surprise
1348 1463 39 30 to
1403 1458 66 36 her
1487 1458 142 38 friends
1646 1461 76 35 and
1739 1461 137 49 family.

953 1512 153 36 Science
1120 1524 82 25 was
1217 1513 65 36 the
1298 1515 132 49 family
1443 1515 186 38 business.
1647 1518 39 35 In
1702 1518 175 36 addition

953 1573 38 30 to
1011 1567 94 38 both
1124 1569 43 36 of
1184 1570 68 36 her
1271 1576 151 43 parents
1441 1572 117 50 being
1576 1573 202 49 physicists
1798 1576 76 35 and

951 1625 93 36 both
1054 1625 43 38 of
1104 1627 66 36 her
1180 1628 263 47 grandfathers
1452 1628 187 44 chemists,
1650 1630 68 36 her
1726 1631 151 36 brother

953 1683 33 33 is
1013 1694 52 22 an
1090 1685 340 36 environmental
1455 1687 219 47 physicist.
1702 1688 107 36 Born
1835 1690 41 35 in

951 1739 274 50 Cambridge,
1276 1742 346 44 Massachusetts,

951 1795 151 36 Fischer
1121 1797 217 49 graduated
1361 1798 101 36 from
1479 1800 88 36 Yale
1587 1802 36 35 in

953 1852 101 36 1983.
1068 1852 74 38 She
1156 1855 172 35 received
1342 1855 68 35 her
1422 1855 91 36 PhD
1526 1855 98 38 from

951 1909 90 35 MIT
1065 1910 41 33 in
1129 1910 96 35 1988
1247 1910 79 36 and
1353 1912 98 36 after
1474 1924 17 24 a
1517 1918 85 43 post-

951 1965 172 36 doctoral
1143 1978 184 38 program
1350 1973 38 30 at
1405 1969 217 44 Columbia,

948 2020 159 38 became
1123 2035 49 24 an
1187 2027 178 35 assistant
1380 2025 192 49 professor
1587 2031 35 31 at

951 2080 142 35 Brown
1115 2082 39 33 in
1178 2080 106 36 1990.
1309 2082 101 50 Why
1430 2083 192 49 geology?

950 2135 167 38 Fischer
1203 2139 173 36 entered
1461 2140 161 50 college

950 2194 255 36 determined
1230 2200 71 31 not
1326 2202 39 30 to
1389 2195 139 38 follow
1553 2197 69 36 her

948 2249 176 49 family's
1148 2252 472 50 scientifically-inclined

948 2307 197 50 footsteps,
1156 2309 191 50 complete
1357 2310 93 36 with
1461 2310 110 49 plans
1583 2315 38 33 to

945 2362 176 38 become
1194 2376 19 25 a
1285 2378 224 38 composer
1578 2369 44 36 of

946 2427 296 46 contemporary
1254 2427 132 33 music.
1400 2425 69 35 But
1480 2425 140 49 during

946 2476 68 38 her
1030 2477 235 49 sophomore
1282 2491 90 36 year
1387 2485 36 31 at
1439 2480 96 44 Yale,
1553 2482 68 36 she

945 2534 181 38 enrolled
1151 2537 39 35 in
1213 2548 52 24 an
1287 2537 271 38 introduction
1578 2543 41 33 to

945 2592 167 49 geology
1126 2603 143 25 course.

1091 2650 172 47 geology
1283 2652 14 35 I
1318 2652 126 36 found
1466 2663 20 25 a
1509 2654 110 47 place

945 2704 132 38 where
1090 2707 13 35 I
1115 2707 117 35 could
1246 2707 121 50 apply
1378 2710 148 35 science
1539 2709 80 36 that

945 2761 120 50 really
1085 2764 209 36 interested
1318 2776 61 25 me
1468 2778 20 24 a
1509 2767 110 47 place

943 2819 134 36 where
1096 2831 80 36 you
1195 2831 72 24 can
1288 2820 77 36 talk
1386 2822 118 36 about
1523 2824 159 49 physics
1699 2824 71 38 but
1789 2828 39 33 in
1847 2838 17 25 a

943 2888 90 36 way
1047 2888 44 24 so
1102 2890 82 35 you
1195 2879 118 36 could
1326 2880 121 49 apply
1460 2880 27 35 it
1499 2885 38 31 to
1551 2883 227 35 mountains
1789 2883 76 36 and

1255 2934 69 38 she
1337 2935 96 38 said.
1449 2937 231 50 Explaining
1691 2939 94 50 why
1798 2940 66 36 she

943 2989 165 38 became
1129 3002 22 25 a
1175 2992 165 44 teacher,
1364 2994 154 36 Fischer
1540 2995 87 36 said
1649 2995 71 36 she
1742 2998 123 35 views

943 3046 189 50 teaching
1154 3060 43 24 as
1291 3061 90 36 way
1403 3050 44 36 of
1468 3050 173 50 keeping
1665 3063 68 38 my
1754 3054 110 36 skills

943 3107 126 46 really
1091 3104 124 50 sharp
1239 3117 44 25 as
1307 3118 69 38 my
1397 3109 129 35 views
1550 3120 63 24 are
1638 3110 227 49 constantly

943 3159 231 50 challenged
1187 3161 52 49 by
1250 3162 145 49 people
1405 3164 94 36 who
1510 3164 112 38 don't
1633 3167 231 49 necessarily

943 3216 113 36 share
1071 3216 65 38 the
1151 3228 109 27 same

1126 3285 139 25 reason
1287 3276 13 35 I
1320 3274 76 38 like
1417 3277 178 49 teaching
1616 3283 38 30 at
1674 3280 139 35 Brown
1835 3282 30 33 is

942 3328 184 38 because
1151 3331 71 36 the
1247 3332 198 36 students
1472 3345 66 24 are
1565 3334 131 50 really
1721 3342 143 38 smart,

943 3384 265 44 enthusiastic,
1225 3387 79 36 and
1321 3387 91 50 they
1430 3389 110 36 think
1556 3391 309 50 independently

943 3441 79 36 and
1291 3446 154 35 Fischer
1466 3446 99 36 said.
1743 3449 121 49 really

943 3498 181 49 analyze
1153 3499 117 36 what
1301 3501 76 36 I'm
1405 3506 154 46 saying
1587 3504 87 36 and
1702 3506 110 36 have
1844 3518 20 24 a

942 3554 233 50 refreshing
1197 3569 94 38 way
1315 3559 46 35 of
1381 3559 172 50 looking
1576 3565 39 30 at
1639 3561 225 50 problems.

940 3611 131 35 That's
1087 3611 118 50 really
1220 3614 106 47 good
1343 3614 58 36 for
1417 3627 63 24 me
1556 3619 28 33 it
1598 3617 120 49 keeps
1735 3630 61 25 me
1813 3630 52 25 on

942 3679 66 36 my

998 3724 159 35 Fischer
1178 3726 140 49 enjoys
1342 3726 69 36 her
1433 3729 277 38 involvement
1735 3732 39 35 in
1797 3732 66 35 the

940 3780 162 36 Women
1118 3783 41 33 in
1175 3781 154 38 Science
1345 3784 77 35 and
1439 3784 260 52 Engineering
1717 3787 145 47 (WISE)

939 3838 277 46 organization,
1227 3838 77 36 and
1317 3850 91 25 rims
1420 3852 19 24 a
1452 3841 115 36 WISE
1578 3843 148 49 affinity
1737 3855 126 39 group

939 3891 106 36 with
1074 3893 244 38 Professors
1348 3898 74 43 Jan
1449 3898 129 36 Tullis
1609 3899 83 36 and
1721 3901 142 36 Annie

939 3948 186 36 Schmidt.
1143 3950 79 35 The
1239 3950 106 36 three
1361 3954 148 35 science
1526 3954 217 47 professors
1761 3962 102 31 meet

937 4003 99 36 with
1057 4005 346 50 undergraduates
1425 4014 39 31 to
1487 4011 170 47 provide
1677 4014 186 46 practical

1951 724 77 35 and
2047 724 214 36 emotional
2280 732 169 44 support
2466 740 54 24 on
2539 729 98 36 such
2654 729 165 49 subjects
2839 743 38 24 as

1951 780 93 36 how
2068 784 39 33 to
2131 783 124 49 apply
2277 787 41 31 to
2340 784 99 49 grad
2463 784 153 44 school,
2639 786 121 52 along
2780 789 98 36 with

1951 838 124 35 issues
2091 838 80 36 that
2186 838 113 38 affect
2312 854 162 24 women
2487 844 121 47 going
2622 846 82 35 into
2718 846 157 35 science.

2008 894 41 36 In
2063 896 173 36 Brown's
2247 898 172 49 geology
2430 898 261 50 department,
2706 901 172 38 one-half

1950 950 43 36 of
2011 950 63 36 the
2096 951 340 50 undergraduates
2457 956 79 36 and
2559 957 176 36 one-half
2753 959 43 35 of
2813 959 65 36 the

1948 1008 208 49 graduates
2170 1020 60 25 are
2243 1011 151 36 female.
2405 1011 93 38 This
2509 1025 82 25 was
2603 1027 19 24 a
2635 1014 66 49 big
2710 1020 167 31 contrast

1948 1069 39 31 to
2011 1065 194 38 Fischer's
2225 1068 153 49 college
2402 1069 101 49 days
2526 1071 120 36 when
2666 1072 96 49 only
2784 1083 69 25 one-

1948 1123 118 36 tenth
2091 1123 44 36 of
2161 1124 72 35 her
2258 1124 186 52 geology
2471 1126 271 50 department
2765 1142 110 25 were

1946 1191 170 24 women.
2129 1180 249 52 Speculating
2389 1194 54 25 on
2454 1184 76 35 this
2542 1184 197 50 relatively
2751 1192 124 30 recent

1948 1238 181 41 increase,
2145 1238 153 36 Fischer
2313 1239 98 43 said,
2647 1255 82 24 was
2745 1255 20 24 a
2781 1244 93 36 field

1946 1293 266 50 traditionally
2231 1294 233 38 dominated
2485 1298 54 49 by
2559 1310 102 31 men,
2682 1310 44 25 so
2746 1301 27 35 it
2792 1313 82 24 was

1946 1350 76 36 less
2041 1362 106 38 open
2167 1356 38 31 to
2225 1351 173 39 females.
2422 1356 72 35 But
2513 1356 98 36 with
2630 1367 20 25 a
2671 1356 76 38 few
2769 1369 106 25 more

1945 1419 161 25 women
2118 1411 41 33 in
2173 1409 222 50 leadership
2411 1411 113 44 roles,
2539 1414 28 35 it
2578 1411 161 39 became
2753 1417 121 35 easier

1945 1463 60 36 for
2019 1477 178 38 younger
2211 1479 161 25 women
2387 1472 41 33 to
2443 1480 113 27 come

2005 1521 164 49 Despite
2191 1523 69 36 her
2282 1529 140 46 strong
2443 1524 106 38 links
2570 1532 41 30 to
2633 1526 66 38 the
2720 1531 154 35 science

1943 1581 277 47 community,
2247 1581 170 38 Fischer
2443 1583 107 36 does
2576 1589 72 30 not
2674 1597 101 36 gear
2800 1586 74 36 her

1943 1646 176 27 courses
2170 1638 269 50 exclusively
2488 1641 169 36 toward
2706 1644 167 35 science

1943 1698 296 31 concentrators.
2254 1694 186 38 Students
2452 1698 39 35 in
2504 1698 69 35 her
2584 1698 82 36 Geo
2679 1699 46 35 58
2735 1710 137 25 course

1935 2833 69 31 not
2016 2830 93 49 only
2118 2830 121 50 study
2250 2831 66 36 the
2326 2833 178 49 physical
2515 2846 137 27 causes
2663 2836 43 36 of
2713 2838 150 35 natural

1935 2885 205 46 disasters,
2162 2887 72 38 but
2257 2888 87 36 also
2365 2893 186 35 examine
2572 2891 137 50 public
2731 2893 132 50 policy

1935 2943 250 50 approaches
2208 2950 41 33 to
2271 2946 151 38 hazard
2446 2950 239 49 mitigation.
2709 2950 154 38 Fischer

1935 3002 225 47 integrates
2186 3002 117 36 these
2326 3008 85 31 two
2436 3006 272 49 approaches.
2735 3008 128 36 When

1935 3057 191 50 studying
2139 3058 217 38 landslides
2372 3061 181 36 students
2569 3068 69 30 not
2650 3063 94 50 only
2759 3063 104 38 learn

1935 3113 68 36 the
2027 3113 197 38 formulas
2247 3115 63 36 for
2332 3117 117 50 slope
2474 3118 186 49 stability,
2682 3120 74 36 but
2778 3121 85 36 also

1935 3169 156 38 discuss
2112 3176 109 44 steps
2239 3176 283 35 communities
2545 3176 88 35 take
2655 3181 39 31 to
2715 3183 148 44 protect

1935 3225 236 38 themselves
2187 3228 102 36 from
2304 3228 198 39 landslide
2518 3230 178 50 damage.

1994 3283 123 49 Avijit
2140 3285 80 36 Sen
2244 3287 76 43 '96,
2346 3299 22 24 a
2392 3288 157 36 former
2573 3290 88 35 Geo
2685 3290 49 36 58
2757 3290 102 38 class

1935 3340 200 43 member,
2175 3342 230 38 described
2443 3345 172 36 Fischer
2650 3357 46 25 as

1934 3397 323 49 approachable
2294 3400 87 36 and
2800 3405 60 36 He

1934 3455 265 46 appreciated
2224 3455 68 36 the
2315 3455 143 38 class's
2482 3458 211 49 emphasis
2718 3472 54 24 on
2795 3460 65 38 the

1932 3510 206 47 practical
2195 3513 271 47 application
2521 3515 47 36 of
2620 3517 239 50 geological

1934 3565 239 50 techniques.
2307 3570 93 36 took
2422 3575 80 31 two
2524 3576 106 44 great
2650 3573 93 36 field
2767 3576 93 47 trips

1932 3622 132 36 where
2085 3636 63 24 we
2170 3624 145 39 looked
2337 3631 39 31 at
2395 3627 96 36 how
2513 3628 181 38 different
2715 3631 145 36 coastal

1932 3690 107 25 areas
2049 3680 156 36 eroded.
2216 3680 107 44 Also,
2335 3683 13 35 I
2361 3682 157 39 learned
2529 3685 93 36 how
2631 3690 41 33 to
2682 3698 71 27 use
2762 3688 98 36 tools

1932 3734 80 38 that
2022 3735 93 36 field
2126 3739 209 49 geologists
2463 3742 74 35 Sen
2548 3742 94 36 said.

1932 3792 11 35 I
1964 3792 159 36 learned
2142 3794 93 35 how
2254 3800 39 30 to
2312 3795 121 50 apply
2454 3809 109 25 more
2580 3800 279 47 sophisticated

1931 3847 235 50 techniques
2187 3852 43 35 in
2250 3852 87 38 Geo
2359 3855 47 35 58
2428 3854 98 36 than
2548 3857 41 33 in
2611 3857 249 49 upper-level

1931 3904 216 49 geological
2161 3907 145 36 classes
2320 3909 14 35 I
2350 3909 96 36 later

2375 3984 2 49 -
2392 3984 161 46 MARY
2572 3986 287 47 SWERCZEK

2641 2753 90 27 ROSS
2746 2753 117 27 KRIBBS

1391 4082 83 55 17

2254 192 277 50 TEACHING
2550 194 69 49 AT
2638 194 213 49 BROWN:

2205 263 668 79 CONVERSATIONS
