3126 4141
254 139 19 79 |
307 146 294 54 BIOLOGY

283 271 587 191 Peter
929 265 1038 238 Heywood

288 542 58 57 “I
348 540 142 76 just
506 539 236 58 believe
762 539 146 57 that
924 537 107 57 the
1050 535 106 76 life
1173 535 80 74 of
1258 535 106 57 the
1383 534 184 58 mind
1583 534 236 58 should
1833 550 80 58 go
1934 550 82 39 on

282 630 172 76 right
469 628 274 76 through
767 627 106 60 the
890 627 129 76 day
1033 627 139 57 and
1192 627 134 57 into
1350 625 106 57 the
1472 624 183 76 night
1676 627 28 22 ”

277 735 17 36 I
306 732 80 39 took
403 732 183 50 Professor
595 734 106 36 Peter
710 732 83 50 Hey
794 731 134 38 wood's
942 731 61 36 Bio
1017 731 74 36 19F
1102 731 102 43 class,

468 791 96 36 Food
586 789 74 38 and
877 789 99 36 three
997 800 107 38 years
1124 798 82 38 ago;

280 847 184 38 memories
483 846 44 50 of
542 846 58 38 the
619 846 93 38 class
732 857 39 25 as
794 844 80 38 well
893 855 41 25 as
956 855 60 39 my
1036 844 150 49 acquain-

280 909 102 33 tance
398 904 88 38 with
504 906 47 35 its
567 902 181 52 professor
762 902 91 38 have
869 901 183 38 remained
1068 906 135 44 strong.

279 962 72 49 My
373 959 181 52 personal
576 959 246 39 enthusiasm
841 957 68 52 for
934 957 274 50 interviewing

279 1019 184 50 Heywood
485 1028 76 27 was
581 1016 222 52 augmented
827 1016 46 50 by
894 1019 202 35 comments
1107 1014 99 50 from

280 1074 167 39 students
461 1074 80 39 who
556 1074 80 38 took
646 1074 58 38 his
717 1074 65 36 Bio
795 1074 71 36 106
880 1072 106 43 class,
1115 1071 76 38 Biol-

280 1145 71 38 ogy
359 1131 74 39 and
776 1131 82 38 One
869 1131 123 36 senior
1003 1129 165 36 heralded
1181 1131 27 35 it

280 1200 39 27 as
428 1189 76 38 best
515 1187 94 39 class
622 1187 74 38 I've
709 1187 104 38 taken
959 1186 87 38 with
1058 1184 153 38 another

280 1247 121 38 senior
413 1246 214 50 explaining
641 1244 88 44 that,
869 1244 43 50 of
920 1244 58 36 the
994 1244 123 49 things
1134 1243 76 36 that

282 1304 104 36 made
406 1302 208 50 [Professor
635 1301 211 50 Heywood]
866 1313 41 25 so
926 1306 104 44 great
1055 1310 74 27 was
1151 1299 58 36 his

280 1372 178 39 openness
474 1365 36 31 to

339 1416 184 52 Heywood
529 1427 99 39 grew
639 1427 50 38 up
702 1417 35 36 in
751 1414 238 43 Manchester,
1003 1413 175 50 England,
1191 1425 19 25 a

283 1479 94 33 town
397 1472 43 39 he
455 1472 181 39 considers
655 1479 35 31 to
709 1468 43 43 be
769 1472 96 50 quite
880 1471 140 38 similar
1038 1476 35 33 to
1090 1471 102 36 Provi-

282 1531 109 38 dence
400 1531 38 38 in
450 1531 83 36 both
542 1531 76 36 size
625 1529 72 38 and
1061 1528 148 38 culture.

282 1589 57 38 He
354 1587 154 39 received
524 1600 19 25 a
561 1586 169 39 Bachelor
743 1586 43 50 of
794 1587 148 36 Science
954 1584 72 38 and
1044 1584 110 38 PhD.
1173 1584 38 38 in

285 1644 132 52 botany
428 1644 101 52 from
551 1644 60 36 the
635 1644 214 49 University
871 1643 43 50 of
926 1641 159 38 London.
1109 1641 104 50 After

285 1701 162 52 teaching
452 1702 63 50 for
524 1713 22 25 a
553 1701 76 50 few
639 1713 104 38 years
757 1706 36 33 at
811 1699 79 39 Yale
902 1698 159 39 Medical
1076 1698 135 44 School,

283 1759 43 38 he
337 1770 98 27 came
446 1764 36 33 to
491 1759 129 36 Brown
635 1759 38 36 in
687 1757 104 38 1974.
806 1757 106 36 Since
924 1757 96 43 then,
1030 1756 181 50 Heywood

285 1817 65 38 has
370 1816 129 52 taught
523 1816 83 38 both
628 1814 296 52 undergraduate
943 1813 74 39 and
1035 1813 178 52 graduate

285 1885 153 31 courses,
449 1871 200 52 facilitated
666 1883 118 39 group
803 1871 72 38 and
896 1871 202 36 individual
1115 1869 79 36 inde-

285 1931 154 52 pendent
455 1929 146 39 studies.
617 1929 186 50 Heywood
817 1929 63 36 has
896 1928 148 38 devoted
1060 1926 106 39 much
1180 1926 41 50 of

287 1987 55 38 his
365 1987 85 38 time
472 1992 35 33 to
528 1986 209 50 enhancing
759 1984 60 38 the
839 1983 209 39 residential
1071 1983 88 38 lives
1180 1983 43 52 of

288 2044 124 38 Brown
424 2044 180 43 students,
611 2054 41 27 as
661 2054 20 25 a
694 2043 124 36 live-in
828 2041 150 50 Faculty
989 2041 135 43 Fellow,
1128 2039 87 50 first

288 2101 36 38 in
339 2099 301 50 Emery-Woolley
650 2098 74 39 and
737 2110 83 25 now
833 2099 36 36 in
883 2098 58 38 the
956 2096 135 52 Thayer
1104 2098 112 36 Street

290 2157 117 46 Quad.
438 2157 69 36 His
523 2156 261 38 achievements
800 2156 90 36 have
907 2159 61 33 not
983 2165 93 39 gone
1091 2165 104 27 unrec-

288 2213 146 50 ognized
444 2213 46 50 by
496 2213 55 38 his
559 2213 165 38 students
732 2224 43 25 or
780 2224 110 38 peers:
902 2209 57 38 the
965 2211 118 36 senior
1090 2209 126 38 classes

288 2269 506 52 0f1978,1980,1982,1987,
805 2268 74 38 and
891 2269 94 36 1995
995 2268 49 38 all
1054 2266 162 39 awarded

290 2324 178 52 Professor
480 2324 183 52 Heywood
680 2324 57 38 the
748 2324 220 50 graduating
984 2323 106 38 class'
1099 2324 120 36 senior

293 2893 159 44 citation,
468 2894 109 50 given
597 2896 36 35 to
654 2896 71 35 two
742 2891 194 50 professors
954 2902 106 39 every
1074 2902 85 39 year
1178 2891 44 49 by

296 2950 57 39 the
365 2948 220 52 graduating
602 2948 102 39 class.
723 2950 41 36 In
781 2948 175 44 addition,
972 2948 183 50 Heywood
1172 2959 35 25 re-

294 3005 117 39 ceived
420 3005 235 39 theNatioml
665 3006 142 38 Science
816 3005 161 38 Teachers
986 3005 238 38 Association-

296 3063 172 39 OHAUS
477 3061 123 39 award
602 3061 63 52 for
674 3063 213 38 innovation
899 3063 38 36 in
950 3061 129 50 college
1090 3061 135 36 science

298 3120 162 50 teaching
472 3120 38 38 in
526 3120 104 38 1987.

353 3176 43 38 In
416 3175 57 39 his
491 3187 104 39 spare
617 3176 87 36 time
724 3175 186 50 Heywood
931 3175 126 50 enjoys
1079 3175 145 43 movies,

298 3233 173 50 running,
485 3231 135 50 hiking,
635 3243 43 27 or
685 3231 115 50 going
816 3236 36 33 to
865 3230 57 39 his
935 3230 150 38 lakeside
1101 3235 124 33 retreat

298 3288 38 38 in
350 3288 172 39 southern
535 3288 123 38 Rhode
672 3288 120 38 Island
809 3288 115 36 where
939 3288 43 36 he
994 3287 96 52 often
1106 3298 65 27 can
1187 3287 38 36 be

290 3343 120 52 found
425 3345 38 38 in
480 3343 58 39 the
554 3343 132 39 middle
699 3343 43 50 of
751 3345 129 36 winter
1063 3348 65 31 out
1142 3354 49 25 on
1206 3354 19 25 a

298 3400 85 39 deck
395 3400 99 39 chair
509 3400 167 52 wrapped
693 3413 49 39 up
759 3400 36 38 in
813 3400 115 50 heavy
943 3400 170 44 blankets,
1131 3400 76 36 read-

299 3458 65 49 ing
375 3455 175 52 scientific

299 3578 52 46 Q.
373 3575 117 39 What
509 3587 83 27 was
613 3575 146 39 behind
781 3587 99 38 your
899 3575 176 38 decision
1098 3580 44 33 to
1164 3575 44 38 be-

301 3643 115 28 come
430 3644 25 27 a
471 3630 219 50 professor?

301 3688 47 38 A.
369 3688 80 38 I've
466 3688 154 50 always
636 3688 102 38 been
759 3688 217 36 fascinated
995 3688 55 49 by
1066 3688 164 49 biology

301 3756 102 27 even
420 3756 43 25 as
482 3756 22 25 a
524 3743 113 38 small
655 3743 121 44 child,
795 3743 82 38 and
896 3743 83 38 that
998 3743 231 38 fascination

302 3800 79 38 and
398 3802 164 50 passion
580 3800 123 36 about
717 3800 165 50 biology
898 3800 74 36 has
989 3811 121 25 never
1126 3809 104 39 gone

302 3868 115 38 away
502 3857 30 36 it
551 3857 35 36 is
603 3855 80 38 still
702 3854 261 52 enormously
983 3860 146 46 strong,
1151 3854 79 38 and

302 3910 135 38 makes
455 3923 71 38 my
542 3912 68 36 life
627 3923 22 25 a
666 3923 99 38 very
783 3912 72 36 full
872 3912 79 36 life.
969 3912 52 36 So
1038 3912 66 36 the
1120 3923 88 38 ques-

302 3969 83 36 tion
397 3978 94 31 was,
507 3965 91 39 how
611 3965 87 39 best
712 3972 41 31 to
769 3978 146 39 pursue
929 3965 96 38 this?
1041 3967 14 36 I
1069 3978 83 25 was
1169 3965 61 38 the

1272 739 82 36 first
1370 748 143 39 person
1529 740 39 33 in
1586 748 71 25 our
1672 735 294 49 neighborhood
1984 748 88 24 ever
2090 740 39 30 to
2146 746 50 36 go

1272 800 41 31 to
1321 794 153 50 college,
1483 794 164 36 because
1655 795 41 33 in
1706 792 150 50 general
1866 794 39 33 in
1915 792 137 35 Britain
2061 792 135 35 there's

1272 857 69 31 not
1356 863 43 25 as
1413 850 94 50 high
1523 861 20 25 a
1559 854 227 46 percentage
1802 850 43 36 of
1855 849 139 49 people
2009 849 93 36 who
2118 860 54 24 ma-

1272 907 173 38 triculate
1455 912 39 31 to
1504 906 154 52 college,
1669 906 77 36 and
1757 906 180 49 certainly
1946 910 68 31 not
2024 906 101 35 from
2134 906 65 35 the

1274 976 85 25 area
1370 965 131 36 where
1510 965 14 35 I
1534 964 113 36 lived.
1661 965 71 35 But
1742 965 13 35 I
1765 967 104 33 went
1880 967 38 33 to
1929 975 22 25 a
1961 962 94 38 local
2066 962 132 36 school

1272 1022 131 38 where
1411 1022 104 36 there
1524 1033 80 24 was
1616 1033 20 24 a
1647 1020 50 36 lot
1709 1019 43 38 of
1757 1024 318 46 encouragement
2085 1020 115 47 given

1274 1085 41 31 to
1337 1079 120 50 apply
1479 1083 39 31 to
1539 1079 157 49 college.
1718 1079 14 35 I
1751 1082 107 31 went
1879 1082 39 31 to
1940 1077 157 49 college,
2118 1076 80 38 and

1274 1135 157 38 wanted
1443 1140 38 33 to
1490 1137 181 35 continue
1680 1140 41 31 to
1731 1134 54 36 do
1794 1134 181 43 research,
1986 1146 44 24 so
2041 1132 66 38 did
2120 1132 80 36 that

1276 1205 43 25 as
1331 1206 20 24 a
1364 1192 187 52 graduate
1561 1192 157 36 student
1731 1192 76 35 and
1820 1192 90 35 then
1923 1203 39 24 as
1976 1203 19 24 a
2009 1191 189 49 post-doc.

1276 1250 79 36 The
1369 1252 178 47 question
1559 1249 91 36 then
1663 1261 82 24 was
1759 1249 90 36 how
1863 1247 115 36 could
1994 1249 11 35 I
2020 1249 180 35 continue

1277 1313 39 30 to
1337 1307 55 36 do
1411 1306 184 38 research.
1619 1307 13 35 I
1652 1317 82 25 was
1756 1306 156 49 already
1934 1304 205 36 interested
2161 1306 39 35 in

1277 1364 186 49 teaching,
1477 1375 44 25 so
1534 1362 65 38 the
1609 1365 132 35 notion
1756 1362 41 36 of
1805 1362 206 47 becoming
2024 1373 20 24 a
2057 1359 124 50 profes-

1277 1433 65 25 sor
1351 1422 76 49 just
1438 1419 183 38 followed
1635 1419 187 50 naturally
1836 1419 99 36 from
1946 1419 65 35 the
2022 1419 87 35 idea
2123 1419 80 35 that

1277 1477 178 50 teaching
1466 1488 83 25 was
1564 1488 22 25 a
1600 1480 104 46 great
1717 1488 88 36 way
1820 1476 41 38 of
1872 1476 222 49 combining
2107 1474 96 36 both

1279 1535 43 38 of
1332 1535 107 36 these
1452 1537 173 35 interests
1639 1532 76 38 and
1731 1532 176 50 working
1920 1532 94 36 with
2028 1545 50 24 an
2091 1534 94 35 excit-

1279 1594 68 49 ing
1357 1603 124 39 group
1496 1592 43 35 of
1550 1592 148 49 people.

1280 1650 50 46 Q.
1346 1652 99 35 How
1457 1647 98 38 have
1567 1660 96 36 your
1676 1658 87 25 own
1776 1646 250 50 experiences
2038 1657 41 25 as
2091 1657 22 25 a
2126 1650 58 31 stu-

1279 1706 94 38 dent
1389 1704 170 38 affected
1576 1715 96 39 your
1688 1702 183 50 teaching
1887 1706 107 35 now?

1279 1765 47 35 A.
1342 1764 121 36 There
1479 1775 102 25 were
1595 1775 94 36 very
1706 1762 106 49 good
1828 1761 172 38 teachers
2016 1765 38 31 at
2068 1759 135 38 school

1280 1820 79 38 and
1373 1825 38 31 at
1422 1819 167 38 London
1600 1819 225 49 University
1836 1819 94 35 who
1942 1817 194 50 provided
2150 1828 36 25 re-

1280 1879 79 49 ally
1369 1877 77 36 fine
1457 1877 145 49 insight
1611 1879 82 35 into
1701 1876 206 49 biological
1915 1887 200 38 processes
2124 1874 79 36 and

1280 1934 113 38 other
1403 1935 151 36 science
1565 1945 211 38 processes.
1792 1932 71 36 But
1876 1931 66 38 the
1953 1931 175 50 learning
2140 1943 44 24 en-

1280 1994 230 35 vironment
1531 2002 85 25 was
1638 2002 20 25 a
1680 1991 98 36 little
1800 1989 195 38 different.
2020 1991 43 35 In
2083 2000 123 36 many

1280 2060 123 31 cases,
1414 2047 109 36 there
1532 2058 85 25 was
1628 2046 77 38 less
1717 2046 146 49 faculty
1874 2050 153 31 contact
2038 2044 94 36 than
2143 2057 43 24 ex-

1282 2107 71 35 ists
1370 2106 183 35 between
1573 2109 104 31 most
1698 2102 183 38 students
1901 2102 79 36 and
2002 2101 146 49 faculty
2169 2106 38 31 at

1283 2162 153 36 Brown.
1452 2161 30 36 It
1496 2172 83 25 was
1594 2172 22 24 a
1631 2172 109 25 more
1754 2159 140 36 formal
1909 2157 176 50 learning
2099 2159 85 35 envi-

1283 2222 189 33 ronment.
1485 2219 69 35 For
1564 2217 189 49 example,
1762 2227 76 27 one
1849 2216 41 36 of
1899 2216 65 36 the
1975 2216 140 47 faculty
2126 2214 80 36 that

1283 2274 57 38 I'd
1361 2274 150 36 known
1529 2272 107 38 there
1655 2272 60 36 for
1734 2285 68 38 my
1820 2274 121 35 entire
1961 2272 93 35 time
2074 2276 38 31 at
2131 2271 76 36 this

1283 2331 161 46 college,
1458 2331 132 36 which
1603 2342 85 24 was
1702 2342 121 24 seven
1838 2340 123 36 years,
1976 2329 93 47 only
2085 2331 39 33 in
2140 2340 66 36 my

1718 2386 104 36 sixth
1843 2397 93 39 year
1957 2384 172 50 stopped
2151 2397 38 24 re-

1720 2443 157 30 fprrino-
1902 2446 44 27 to
1970 2454 66 19 mp
2061 2454 46 19 as
2132 2441 72 36 Mr,

1854 2474 25 17 o

1718 2498 244 50 Heywood,
2006 2498 143 36 which
2194 2498 14 36 I

1720 2557 169 49 thought
1907 2567 80 25 was
2009 2557 106 47 quite
2135 2556 57 36 fas-

1720 2616 200 46 cinating,
1946 2613 142 49 really!
2137 2613 49 35 Re-

1721 2671 189 43 member,
1934 2671 79 35 this
2035 2680 85 25 was
2143 2669 68 36 the

1721 2728 106 47 early
1844 2728 124 43 19605,
1986 2726 77 36 and
2080 2726 131 49 things

1721 2795 107 25 were
1852 2795 20 25 a
1898 2783 99 36 little
2020 2783 191 36 different

1723 2841 102 35 then.

1348 2899 36 36 A
1400 2898 106 50 large
1523 2902 88 46 part
1628 2898 43 36 of
1688 2898 65 36 the
1772 2899 187 47 equation
1976 2898 41 35 in
2035 2902 118 30 terms
2172 2896 44 36 of

1290 2967 69 38 my
1372 2954 181 49 teaching
1567 2965 93 25 now
1676 2965 63 25 are
1753 2953 66 38 the
1833 2953 118 49 really
1965 2953 106 49 good
2087 2953 106 36 teach-

1290 3024 61 25 ers
1367 3011 79 38 I've
1460 3011 80 38 had
1554 3013 41 35 in
1611 3009 65 38 the
1690 3016 98 46 past.
1803 3009 117 38 Some
1935 3009 41 36 of
1989 3009 109 36 these
2113 3009 99 36 have

1290 3069 102 36 been
1403 3071 39 35 in
1452 3069 216 36 classroom
1677 3071 219 39 situations,
1906 3068 71 36 but
1987 3079 20 25 a
2020 3066 131 38 whole
2161 3066 55 36 lot

1290 3126 46 36 of
1357 3124 115 38 them
1494 3124 109 38 have
1625 3129 72 31 not
1720 3124 107 36 been
1850 3126 41 33 in
1915 3123 260 38 classrooms.
2202 3123 13 35 I

1291 3181 161 38 learned
1474 3192 22 27 a
1517 3184 109 46 great
1646 3181 88 36 deal
1756 3181 121 36 about
1898 3180 217 49 gardening
2135 3180 79 36 and

1291 3238 131 50 plants
1438 3238 102 36 from
1551 3249 69 39 my
1633 3236 254 52 grandfather,
1899 3236 93 36 who
2003 3249 83 24 was
2099 3247 118 25 never

1293 3306 22 25 a
1328 3294 151 36 teacher
1490 3296 41 35 in
1542 3293 65 38 the
1620 3293 135 38 formal
1769 3306 112 25 sense
1890 3293 69 36 but
1969 3294 76 47 just
2055 3291 161 38 worked

1293 3350 94 38 with
1395 3362 65 25 me
1468 3362 54 25 on
1529 3362 22 25 a
1559 3356 219 30 one-to-one
1786 3350 110 36 basis.
1907 3350 14 35 I
1931 3361 68 25 can
2008 3348 107 38 think
2121 3348 98 36 back

1294 3411 39 33 to
1348 3406 63 38 the
1425 3419 71 38 age
1509 3406 43 38 of
1562 3406 77 38 five
1652 3411 39 33 to
1704 3419 93 36 very
1811 3406 104 49 good
1929 3406 169 36 teachers
2110 3405 80 38 that
2203 3406 14 35 I

1294 3463 90 38 had.
1398 3463 80 36 The
1491 3461 94 38 local
1600 3465 76 49 city
1690 3461 93 50 high
1795 3461 132 38 school
1942 3463 14 35 I
1969 3468 104 30 went
2087 3468 38 30 to
2140 3461 77 36 had

1294 3531 94 38 very
1403 3520 94 49 high
1513 3520 214 41 standards,
1743 3518 77 38 and
1838 3518 287 49 hard-working
2142 3518 77 36 and

1296 3578 187 47 inspiring
1493 3575 180 36 teachers.
1682 3575 96 36 That
1786 3586 83 25 was
1879 3575 205 36 continued
2098 3576 38 33 in
2145 3575 57 35 col-

1296 3631 85 49 lege
1394 3644 43 24 as
1446 3631 90 36 well
1609 3631 13 36 I
1636 3631 154 36 learned
1805 3630 101 38 from
1917 3630 106 38 them
2036 3631 57 36 all.

1298 3688 50 44 Q.
1370 3688 61 35 Do
1452 3698 74 38 you
1550 3698 220 38 encourage
1791 3687 175 36 students
1984 3690 39 33 to
2046 3698 113 25 come
2178 3691 43 31 to

1298 3754 76 38 you
1395 3740 94 39 with
1515 3740 263 50 independent
1802 3740 126 38 work?
1951 3740 115 38 What
2088 3740 132 38 values

1298 3797 52 39 do
1365 3809 77 38 you
1460 3809 66 27 see
1543 3798 36 38 in
1597 3797 94 39 such
1710 3798 164 38 studies?

1298 3855 47 36 A.
1369 3855 13 36 I
1403 3854 115 38 think
1539 3855 65 36 it's
1624 3866 22 25 a
1668 3860 109 44 great
1797 3857 231 47 experience
2050 3866 54 24 on
2123 3854 98 36 both

1298 3910 117 38 sides.
1435 3912 13 36 I
1466 3910 107 49 hope
1591 3912 61 36 it's
1671 3923 19 24 a
1710 3910 106 49 good
1835 3913 227 46 experience
2080 3912 58 35 for
2157 3910 63 36 the

1298 3965 194 44 students,
1507 3965 118 49 being
1641 3965 85 36 able
1742 3972 41 30 to
1797 3965 79 36 talk
1890 3978 52 24 on
1959 3978 19 24 a
1994 3972 227 30 one-to-one

2271 1532 269 50 relationship
2564 1532 101 38 with
2690 1545 19 24 a
2735 1531 154 52 faculty
2912 1531 184 38 member
3117 1531 5 52 ;

2271 1591 115 36 share
2409 1600 115 27 some
2546 1589 43 38 of
2611 1591 66 36 the
2701 1589 173 49 insights
2898 1589 85 36 that
3005 1600 20 25 a
3049 1589 72 36 fact

2271 1646 180 38 member
2472 1646 82 38 has.
2578 1647 74 36 But
2672 1646 87 38 also
2781 1646 66 36 the
2868 1646 184 36 students
3074 1646 47 36 th<

2271 1704 128 36 selves
2413 1704 102 36 have
2531 1704 180 49 insights,
2726 1715 46 25 so
2787 1704 79 36 I've
2882 1702 159 38 learned
3057 1713 22 27 a
3094 1713 27 39 gi

2272 1761 87 38 deal
2376 1761 104 36 from
2496 1761 109 36 them
2620 1761 80 36 and
2720 1761 102 38 from
2838 1761 66 36 the
2921 1765 93 44 type
3030 1759 43 38 of
3088 1772 33 38 qi

2272 1819 101 35 tions
2384 1819 80 35 that
2474 1817 91 50 they
2576 1819 79 43 ask,
2666 1819 79 35 and
2759 1817 80 36 also
2850 1828 41 25 as
2901 1828 63 25 we
2973 1822 60 44 try
3043 1822 39 31 to
3093 1817 28 36 tF

2272 1876 191 49 through
2490 1876 148 49 things
2668 1874 202 50 together
2898 1874 132 36 about
3057 1874 65 36 wh

2272 1932 165 49 projects
2450 1931 83 36 will
2546 1943 63 38 go.

2272 1991 52 44 Q.
2342 1991 113 35 Were
2471 1987 66 38 the
2553 1987 145 39 classes
2713 2000 77 36 you
2806 1987 117 38 teach
2940 1998 90 27 now
3046 1987 76 38 alre

2274 2044 198 38 instituted
2487 2044 113 38 when
2614 2055 76 38 you
2706 2044 150 36 arrived
2869 2047 38 33 at
2923 2044 157 36 Brown?
3096 2044 25 35 H

2272 2113 77 36 you
2365 2099 157 39 created
2539 2113 159 25 courses
2712 2113 46 25 or
2770 2099 189 39 modified
2973 2099 65 38 old
3054 2112 68 25 one

2274 2159 140 47 you've
2431 2169 102 39 gone
2550 2157 137 50 along?

2274 2216 46 36 A.
2345 2217 68 35 Bio
2436 2217 80 41 106,
2671 2216 167 47 Biology
2857 2214 80 36 and
2959 2214 162 36 Biotech)

2403 2271 79 36 had
2499 2271 104 38 been
2620 2283 52 25 on
2690 2271 68 36 the
2773 2271 126 36 books
2920 2283 41 24 as
2980 2283 20 24 a
3020 2271 69 36 cell
3107 2271 14 36 t

2274 2340 80 38 ogy
2369 2340 139 25 course
2523 2329 121 36 when
2658 2331 14 35 I
2690 2340 121 31 came,
2828 2329 79 36 and
2924 2329 14 36 I
2954 2328 139 50 taught
3107 2331 11 33 i

2276 2391 104 31 most
2394 2384 104 38 from
2510 2384 66 36 the
2592 2387 93 35 time
2699 2384 44 38 of
2757 2397 68 38 my
2841 2384 151 43 arrival,
3005 2384 72 36 but
3091 2386 27 35 it

2274 2441 180 30 rfiano-pH
2479 2454 96 17 r»\/pr
2594 2443 68 28 f-hp
2682 2454 115 17 ware
2836 2443 44 27 Afr
2902 2454 76 16 nno
3000 2444 107 33 efrao-g

2378 2472 25 19 O
2480 2471 20 8 “
2515 2471 6 20 ’
2597 2471 41 8 *“
2641 2471 20 8 v
2682 2471 16 20 J
2710 2471 98 8 *'**“'■
2828 2471 11 6 ‘
2852 2471 13 8 ~
2871 2471 9 8 v
3061 2472 24 17 O
3110 2474 8 9 ’

2277 2498 99 38 used
2386 2498 260 50 hypermedia
2657 2504 41 31 to
2707 2498 113 38 teach
2830 2498 82 36 that
2923 2510 146 24 course.
3082 2498 30 36 It
3120 2498 2 50 ■

2277 2569 20 24 a
2309 2569 94 38 very
2414 2557 165 49 exciting
2591 2557 106 43 time,
2707 2556 118 36 when
2838 2556 104 36 there
2951 2567 85 25 was
3046 2567 22 25 a
3080 2567 41 38 gr

2277 2625 54 24 on
2345 2625 167 36 campus
2526 2613 124 36 called
2668 2613 66 36 the
2750 2613 176 36 Institute
2942 2611 61 38 for
3016 2613 106 35 Rese;

2279 2671 252 35 Information
2542 2669 79 36 and
2630 2669 258 50 Scholarship.
2901 2669 106 50 They
3017 2669 104 50 desig

2280 2739 19 25 a
2310 2726 257 50 hypermedia
2578 2731 157 46 system,
2748 2726 146 38 similar
2904 2731 39 31 to
2953 2726 169 36 Macinto

2280 2783 129 50 Hyper
2409 2783 104 50 Card
2534 2783 74 36 but
2628 2783 123 36 much
2775 2795 110 24 more
2907 2783 214 50 sophistica

2280 2854 99 24 even
2389 2839 135 38 before
2534 2839 225 38 Macintosh
2770 2839 80 38 had
2863 2839 93 43 that,
2967 2852 61 24 we
3039 2839 79 36 had

2280 2902 38 31 at
2331 2898 151 43 Brown,
2494 2896 79 38 and
2586 2899 41 33 in
2638 2898 96 36 1987
2742 2909 106 25 were
2860 2896 180 50 teaching
3050 2909 71 24 cou

2280 2954 96 36 with
2387 2954 93 36 that.
2491 2954 61 41 So,
2565 2956 39 33 in
2616 2965 50 25 an
2676 2956 276 35 environment
2961 2953 132 36 where
3104 2953 17 36 tl

2280 3022 106 25 were
2397 3009 131 52 things
2542 3009 76 38 like
2628 3009 96 44 that,
2735 3022 83 38 you
2828 3009 120 38 could
2961 3014 60 46 try
3033 3014 69 31 out
3112 3022 9 24 e

2280 3068 167 36 cational
2460 3068 109 36 ideas
2580 3071 38 33 at
2628 3079 52 25 an
2690 3068 107 49 early
2808 3071 109 46 stage
2924 3066 175 38 —that's
3107 3066 14 38 1:

2282 3137 77 24 one
2372 3124 44 36 of
2428 3124 65 36 the
2507 3126 167 49 exciting
2690 3124 132 50 things
2838 3123 121 38 about
2970 3123 120 50 being
3102 3123 19 36 h

2283 3181 50 44 Q.
2348 3180 115 38 What
2476 3192 66 25 are
2554 3192 109 25 some
2677 3178 44 39 of
2731 3180 66 38 the
2809 3178 128 50 things
2950 3191 76 36 you
3041 3178 72 38 like

2283 3236 120 38 about
2420 3236 202 50 teaching?

2283 3294 46 35 A.
2342 3294 93 36 First
2446 3293 41 38 of
2496 3293 60 44 all,
2567 3306 76 25 one
2652 3294 43 36 of
2704 3294 65 36 the
2778 3296 165 46 exciting
2953 3293 129 49 things
3094 3293 27 38 al

2285 3350 180 50 teaching
2483 3351 31 35 is
2534 3350 83 36 that
2633 3356 39 31 at
2690 3350 98 38 least
2805 3353 41 33 in
2863 3350 66 36 the
2946 3351 175 43 sciences,

2285 3406 238 49 knowledge
2539 3406 94 38 base
2652 3409 31 35 is
2702 3406 222 50 constantly
2942 3406 180 50 changing

2285 3463 83 36 that
2384 3476 80 38 you
2480 3463 104 36 have
2598 3469 41 30 to
2655 3463 224 50 constantly
2896 3463 98 50 keep
3011 3469 110 30 retun

2287 3523 39 33 to
2337 3520 66 36 the
2413 3520 194 36 literature
2617 3520 80 38 and
2709 3520 176 50 learning
2896 3531 90 27 new
2997 3520 124 49 things

2288 3575 74 38 like
2380 3576 162 49 reading
2559 3589 20 24 a
2594 3589 98 38 very
2707 3578 169 49 exciting
2891 3576 192 36 detective
3101 3583 20 30 si

2287 3631 132 38 where
2430 3633 66 36 the
2507 3631 150 50 ending
2669 3644 91 38 may
2773 3633 151 49 change
2937 3633 79 36 and
3028 3644 93 38 grow

2288 3699 150 25 ermore
2452 3688 128 36 subtle
2592 3688 98 36 each
2701 3701 102 38 year,
2814 3688 170 36 because
2997 3688 65 38 the
3074 3688 47 38 fie

2288 3743 205 49 changing.
2506 3745 79 36 I've
2594 3745 148 49 always
2751 3745 104 36 been
2863 3745 213 38 fascinated
3087 3746 35 47 b;

2288 3811 157 38 process
2457 3800 43 36 of
2509 3802 164 43 mitosis,
2683 3800 94 36 how
2791 3800 91 38 cells
2894 3800 135 38 divide
3041 3805 80 33 into

2290 3855 101 36 cells.
2405 3855 102 36 Each
2518 3868 101 38 year,
2631 3869 91 24 new
2735 3857 140 36 details
2890 3869 112 25 come
3013 3863 71 31 out
3098 3857 24 38 al

2290 3913 164 41 mitosis,
2465 3923 46 25 so
2521 3913 82 35 that
2614 3924 74 24 our
2698 3915 269 47 appreciation
2976 3913 44 36 of
3028 3913 82 36 that
3120 3913 2 49 -

2290 3970 214 47 important
2518 3980 157 38 process
2690 3969 184 36 becomes
2890 3981 109 25 more
3013 3969 79 38 and
3107 3981 14 22 r

339 2483 96 30 Hrst
455 2483 99 30 year
572 2482 44 31 at
636 2482 157 31 Brown:
817 2482 13 31 1
846 2482 24 31 y
882 2482 60 31 /4.

339 2540 252 39 Education:
611 2542 220 46 University
849 2540 47 41 of
915 2540 175 38 London
1113 2540 90 46 (BA,
1227 2540 117 43 PhD).

339 2609 184 35 Courses
542 2606 156 47 taught
720 2606 194 38 1995-96
932 2603 224 39 academic
1173 2613 115 38 year:

340 2672 142 46 Plants,
507 2671 129 47 Food,
657 2671 85 38 and
764 2671 161 47 People

340 2739 77 36 Cell
439 2739 164 44 Biology
620 2737 87 38 and
728 2735 335 47 Biotechnology

2975 1441 88 28 ROSS
3080 1441 41 27 KR

1743 4035 107 60 24
