3126 4141
263 60 194 54 MUSIC

241 175 539 186 Rose
844 165 976 195 Subotnik

247 449 123 55 “It's
391 446 165 74 risky
576 444 145 58 that
735 444 364 57 sometimes
1123 458 90 39 we
1230 458 110 38 are
1361 439 287 72 training
1660 435 142 60 kids
1822 444 63 49 to
1906 435 76 57 be

239 539 345 74 pessimists
605 535 186 57 when
814 534 145 74 they
978 539 180 52 want
1175 539 61 49 to
1257 531 79 57 be
1345 546 222 58 young
1578 528 139 57 and
1735 526 359 58 idealistic”

239 652 68 35 You
323 649 88 38 walk
425 650 74 35 into
513 650 90 35 Rose
619 646 203 39 Subotnik's
836 646 124 36 Music
976 646 14 35 1
1011 644 88 36 class
1106 643 60 50 for

239 707 54 36 the
296 706 85 50 first
395 707 93 41 time,
499 704 72 36 and
583 717 71 38 you
665 702 271 49 automatically
939 701 71 50 feel
1022 701 74 36 that
1110 701 57 36 the

238 775 121 27 course
378 765 27 35 is
425 762 233 49 comfortable,
682 759 183 43 laid-back,
882 759 74 36 and
973 759 173 36 entertain-

239 822 69 49 ing.
326 819 202 39 Subotnik's
543 817 217 52 soft-spoken
776 817 71 36 and
863 817 200 49 expressive
1076 814 91 50 style

239 877 38 52 of
288 877 161 50 teaching
465 877 30 36 is
510 876 192 50 extremely
718 874 216 50 comforting
953 877 33 33 to
1002 871 165 39 students

296 934 184 50 especially
491 932 135 50 helpfid
639 934 96 36 since
746 932 128 35 Music
887 931 16 36 1
920 931 30 35 is
961 942 20 24 a
995 931 94 49 large
1102 929 49 36 lec-

239 997 77 31 ture
331 991 99 38 class.
447 991 180 50 Professor
643 989 176 36 Subotnik
831 989 61 36 has
912 987 128 49 taught
1055 987 112 35 music

239 1054 35 33 at
287 1050 126 35 Brown
427 1049 98 36 since
539 1047 93 36 1990
644 1046 72 36 and
729 1044 173 38 conducts
917 1044 61 36 her
989 1043 129 36 classes
1132 1043 35 35 in

239 1118 44 25 an
306 1104 164 52 informal
490 1117 79 38 way
654 1104 72 35 and
748 1102 74 36 that
844 1101 165 50 informal
1030 1099 90 50 style
1140 1101 27 35 is

239 1175 85 38 very
337 1162 194 38 conducive
546 1165 35 33 to
597 1161 172 49 learning.

241 1287 50 44 Q.
304 1283 143 38 What's
460 1294 96 38 your
570 1280 246 39 educational
831 1277 249 54 background
1094 1277 76 38 and

241 1340 129 38 where
387 1339 65 39 did
471 1351 74 38 you
562 1339 117 38 teach
699 1339 106 49 prior
819 1342 43 31 to
880 1339 159 35 Brown?

241 1400 47 36 A.
301 1400 14 35 I
328 1405 68 44 got
406 1411 68 38 my
487 1398 115 36 Ph.D.
616 1400 41 33 in
671 1398 94 35 1973
778 1395 79 38 and
871 1395 13 36 I
896 1400 109 31 went
1017 1392 102 50 right
1132 1398 38 30 to

243 1457 65 38 the
318 1457 225 47 University
553 1454 43 38 of
605 1454 176 50 Chicago
792 1452 134 36 where
937 1452 14 35 I
962 1450 139 50 taught
1113 1450 58 36 for

243 1526 121 25 seven
384 1524 124 39 years.
532 1513 13 35 I
570 1517 68 46 got
658 1513 85 35 into
764 1510 79 36 this
865 1507 146 39 critical
1033 1507 139 49 theory

244 1572 135 49 angle,
406 1570 85 36 and
518 1570 13 35 I
556 1567 162 38 started
746 1565 209 50 studying
978 1565 192 35 Adorno.

244 1628 162 38 Adorno
424 1639 85 24 was
526 1639 20 24 a
565 1625 120 50 really
702 1627 216 47 important
937 1624 126 49 figure
1080 1622 93 36 who

244 1696 82 25 was
346 1696 94 38 very
460 1683 260 38 well-known
742 1683 39 35 in
802 1682 169 49 Europe,
991 1679 79 36 and
1091 1690 83 25 was

246 1748 68 31 not
334 1748 36 31 at
392 1742 47 36 all
463 1742 148 36 known
631 1742 43 35 in
693 1740 128 35 music
843 1740 39 33 in
902 1739 77 35 this
1002 1740 170 44 country.

246 1800 102 36 Now
364 1800 83 35 he's
463 1798 164 36 become
643 1795 258 49 enormously
918 1792 255 43 fashionable,

246 1855 238 50 everybody
507 1855 146 36 knows
677 1854 128 36 about
827 1852 186 43 Adorno,
1036 1852 74 35 but
1134 1852 41 35 in

247 1913 110 36 those
376 1913 110 47 days,
507 1912 91 49 they
617 1910 142 36 didn't.
778 1909 93 36 And
891 1909 13 36 I
924 1907 139 36 hadn't
1082 1906 76 36 real-

247 1970 87 36 ized
350 1972 38 35 it.
405 1970 11 35 I
430 1981 85 24 was
528 1980 96 38 very
639 1969 128 41 naive,
783 1967 28 35 it
825 1976 83 25 was
924 1976 20 24 a
961 1976 96 36 very
1071 1964 104 49 risky

247 2025 113 52 angle
370 2031 41 30 to
422 2025 99 43 take,
534 2025 79 35 and
624 2035 46 25 so
680 2024 120 36 when
811 2024 14 35 I
836 2035 110 24 came
957 2033 55 36 up
1027 2020 58 36 for
1096 2025 60 31 ten-

249 2094 77 31 ure,
340 2085 13 35 I
365 2094 83 25 was
463 2082 142 36 turned
619 2080 134 36 down.
767 2079 93 36 And
874 2079 14 36 I
899 2090 87 24 was
998 2077 83 36 told
1096 2077 79 36 that

249 2139 164 38 Adorno
430 2150 83 24 was
532 2142 69 31 not
619 2150 20 24 a
658 2135 205 38 tenurable
882 2137 115 47 topic.
1017 2135 14 35 I
1049 2145 126 30 mean,

249 2197 83 38 that
351 2208 83 25 was
457 2208 19 25 a
499 2195 123 36 direct
644 2198 131 43 quote:
1013 2192 33 35 is
1066 2195 69 30 not
1157 2202 17 24 a

258 3104 200 39 tenurable

317 3162 49 38 So
378 3162 13 36 I
403 3165 107 33 went
523 3161 102 36 from
636 3161 121 47 being
770 3172 50 24 an
830 3159 198 35 Assistant
1039 3156 128 36 Profes-

258 3231 65 25 sor
342 3224 36 31 at
395 3217 66 38 the
479 3219 228 47 University
726 3217 43 35 of
784 3216 176 49 Chicago
978 3219 41 31 to
1038 3213 132 38 collect-

260 3277 66 47 ing
343 3274 331 49 unemployment
691 3276 41 33 in
750 3272 66 36 the
833 3271 173 49 housing
1025 3271 164 49 projects

261 3335 39 33 in
318 3332 102 36 1980.
439 3332 30 35 It
483 3342 85 25 was
586 3342 19 24 a
622 3331 77 35 real
718 3329 123 36 shock
857 3332 41 33 to
915 3339 68 36 my
998 3331 159 44 system.
1176 3326 11 35 I

261 3389 91 47 kept
364 3387 241 49 publishing,
617 3386 79 36 and
709 3384 104 36 from
822 3384 66 35 the
899 3383 131 36 whole
1041 3383 150 35 decade

263 3443 41 38 of
317 3444 91 35 1980
422 3447 41 31 to
477 3443 120 35 19901
611 3443 94 47 only
718 3441 80 36 had
813 3452 77 25 one
902 3439 200 36 academic
1113 3438 77 49 job,

263 3512 44 25 or
326 3499 93 49 only
439 3510 76 25 one
535 3498 186 36 full-time
740 3507 88 25 one.
850 3496 13 35 I
885 3494 140 50 taught
1046 3499 36 31 at
1102 3494 90 47 City

263 3556 228 49 University
512 3554 206 36 Graduate
737 3553 146 38 Center
906 3554 43 33 in
970 3551 222 41 1986-1987,

265 3613 79 36 and
361 3611 80 38 that
458 3624 93 36 year
567 3611 13 35 I
598 3609 83 36 also
699 3608 140 50 taught
857 3620 77 24 one
951 3611 187 31 semester
1156 3611 38 31 at

265 3666 403 50 SUNY-Stonybrook.

321 3724 129 36 There
474 3723 85 36 had
583 3723 109 35 been
718 3734 20 24 a
764 3721 162 49 history
951 3720 44 36 of
1020 3731 65 25 me
1110 3720 83 36 and

266 3783 150 41 Brown,
430 3781 14 35 I
458 3780 79 36 had
551 3780 102 36 been
666 3778 153 38 offered
835 3789 20 24 a
866 3776 66 49 job
946 3781 39 31 at
1000 3776 142 36 Brown
1156 3776 38 35 in

266 3836 106 43 1980,
384 3849 20 24 a
419 3846 187 39 one-year
616 3835 66 49 job
694 3835 83 35 that
791 3833 128 49 might
931 3844 44 25 or
987 3831 128 49 might
1126 3835 68 33 not

266 3898 90 33 turn
369 3894 80 35 into
463 3891 236 47 something.
712 3891 52 36 So
775 3890 109 36 there
894 3901 85 24 was
992 3888 77 36 this
1082 3890 112 35 inter-

1231 655 60 31 est
1306 663 54 24 on
1373 650 96 36 both
1485 649 117 43 sides,
1617 649 71 36 but
1702 660 63 24 we
1780 646 118 38 could
1915 658 118 24 never
2047 657 109 25 seem

1233 713 41 31 to
1288 707 225 36 coordinate
1529 712 36 30 at
1581 706 65 36 the
1660 717 109 24 same
1783 706 104 35 time.

1291 765 50 35 So
1353 765 38 35 in
1405 764 113 36 19891
1529 767 66 46 got
1605 773 22 25 a
1638 762 131 49 phone
1778 761 69 36 call
1858 759 101 38 from
1969 759 63 36 the
2041 759 117 36 Chair

1235 822 43 36 of
1288 822 65 36 the
1365 822 257 47 Department
1635 819 139 49 asking
1787 817 28 36 if
1827 819 13 35 I
1852 828 83 25 was
1950 816 208 36 interested

1236 880 39 35 in
1296 877 121 50 being
1439 876 236 38 considered
1699 876 60 36 for
1781 887 20 25 a
1822 874 65 50 job
1909 874 104 36 here.
2036 874 11 35 I
2071 872 87 38 said

1373 935 77 36 and
1465 935 49 35 he
1526 934 121 36 asked
1658 932 109 38 what
1778 931 137 38 would
1928 934 27 33 it
1969 931 98 43 take,
2080 931 77 35 and

1236 994 13 35 I
1269 992 83 36 said
1375 991 80 38 that
1474 991 55 36 I'd
1550 1002 112 25 come
1680 991 198 49 part-time
1894 989 169 36 because
2082 987 77 36 I've

1236 1055 68 44 got
1326 1049 87 36 kids
1433 1049 77 36 and
1534 1049 13 35 I
1567 1047 101 36 can't
1688 1047 47 36 be
1757 1046 107 36 there
1883 1044 192 36 full-time.
2099 1044 61 35 He

1236 1106 99 43 said,
1447 1104 110 36 don't
1570 1104 98 36 offer
1679 1104 197 49 part-time
1888 1104 191 47 positions
2090 1101 71 36 but

1236 1164 137 36 would
1392 1175 80 38 you
1487 1165 109 33 want
1611 1165 39 33 to
1666 1161 49 38 be
1732 1159 230 38 considered
1981 1157 58 38 for
2057 1170 79 24 com-

1238 1224 66 46 ing
1315 1220 121 36 down
1665 1217 13 36 I
1690 1217 96 43 said,
1935 1227 96 31 sure,
2044 1216 30 36 if
2082 1225 79 39 you

1236 1282 107 31 want
1361 1288 61 25 me
1439 1282 39 31 to
1493 1287 112 27 come
1622 1276 183 36 full-time
1820 1274 77 36 I've
1912 1277 68 46 got
1995 1277 39 31 to
2049 1285 112 24 come

1238 1334 165 38 tenured
1413 1334 167 36 because
1591 1332 79 36 I've
1680 1337 65 44 got
1757 1337 80 30 two
1847 1331 88 35 kids
1948 1331 77 35 and
2038 1331 13 35 I
2063 1329 99 36 can't

1239 1403 52 39 go
1307 1391 170 50 through
1493 1391 83 35 that
1592 1389 96 36 kind
1706 1389 41 36 of
1762 1391 216 46 insecurity.
1995 1387 14 35 I
2025 1386 135 36 would

1239 1449 102 36 have
1359 1452 39 33 to
1414 1447 117 49 bring
1548 1446 109 38 them
1674 1444 96 38 with
1787 1457 76 30 me,
1882 1443 79 38 and
1980 1444 28 35 it
2025 1443 135 36 would

1239 1506 49 38 be
1301 1504 79 38 hell
1395 1504 30 36 if
1439 1506 13 35 I
1466 1515 106 25 were
1587 1509 68 31 not
1671 1504 187 47 knowing
1874 1501 30 38 if
1918 1502 13 35 I
1945 1513 83 24 was
2044 1502 120 47 going

1239 1569 41 31 to
1291 1564 104 36 have
1406 1573 20 25 a
1439 1561 61 50 job
1515 1573 44 25 or
1690 1561 54 47 By
1756 1572 20 24 a
1791 1557 156 38 miracle
1959 1556 203 38 somehow

1241 1622 28 35 it
1282 1619 164 38 worked
1460 1624 80 31 out.

1241 1677 50 44 Q.
1304 1676 159 49 Turning
1474 1687 88 25 now
1575 1679 39 33 to
1627 1672 187 49 teaching,
1828 1671 102 38 what
1943 1669 50 39 do
2005 1682 76 38 you
2093 1669 71 38 like

1243 1734 83 38 best
1348 1732 117 38 about
1488 1731 180 50 teaching
1690 1731 72 36 and
1787 1729 118 38 about
1926 1728 180 49 teaching
2128 1731 36 35 at

1244 1791 156 35 Brown?

1243 1850 46 35 A.
1301 1849 36 36 A
1346 1847 142 49 couple
1501 1846 43 38 of
1554 1846 143 49 things,
1710 1844 173 49 actually.
1899 1844 11 35 I
1926 1843 74 36 like
2013 1843 66 36 the
2091 1843 76 35 fact

1243 1904 85 36 that
1350 1906 13 35 I
1386 1904 104 35 have
1512 1904 66 35 the
1600 1902 184 36 freedom
1805 1906 43 31 to
1868 1899 115 38 teach
2005 1912 20 24 a
2047 1899 57 36 lot
2126 1898 44 38 of

1243 1973 159 25 courses
1414 1961 82 36 that
1509 1961 13 35 I
1535 1959 139 49 design
1688 1957 151 50 myself,
1854 1956 79 38 and
1945 1956 115 36 that's
2072 1967 96 38 very

1244 2020 211 47 important
1465 2022 41 30 to
1517 2028 74 31 me,
1600 2016 167 36 because
1778 2016 13 35 I
1802 2014 110 36 think
1923 2013 142 50 people
2074 2013 93 36 tend

1244 2080 39 31 to
1299 2074 110 38 teach
1422 2074 85 36 best
1518 2072 109 36 what
1639 2072 93 49 they
1745 2076 107 31 want
1865 2076 41 30 to
1920 2069 120 36 teach.
2057 2069 13 35 I
2082 2080 66 38 par-

1246 2131 176 49 ticularly
1431 2131 76 35 like
1518 2129 180 49 teaching
1709 2131 200 38 seminars,
1920 2128 14 35 I
1943 2126 87 36 find
2039 2126 66 36 the
2117 2131 35 30 at-

1246 2187 211 50 mosphere
1471 2189 41 35 in
1526 2186 110 38 them
1650 2187 31 35 is
1698 2197 94 38 very
1806 2183 216 50 congenial.
2039 2183 13 35 I
2069 2183 101 35 have

1693 2246 146 44 always
1857 2246 162 31 worked
2036 2252 54 24 on
2106 2246 65 30 the

1691 2298 194 50 principle
1906 2294 96 38 that?
2009 2309 80 38 you
2110 2301 60 44 try

1693 2361 39 31 to
1748 2356 99 49 keep
1865 2365 49 25 an
1928 2365 106 38 open
2047 2353 123 43 mind,

1693 2425 82 36 you
1789 2411 117 38 allow
1921 2422 195 38 everyone
2134 2414 38 31 to

1693 2469 134 50 speak,
1839 2468 79 36 and
1928 2479 80 38 you
2020 2466 115 38 make
2145 2469 28 33 it

1694 2528 101 36 clear
1805 2526 104 36 from
1918 2537 101 36 your
2028 2523 120 38 behav-

1696 2586 57 35 ior
1765 2583 82 36 that
1858 2594 80 38 you
1951 2581 94 36 kind
2058 2581 43 36 of
2110 2592 43 25 ex-

1696 2644 87 46 pect
1800 2639 82 38 that
1899 2638 227 49 everybody
2143 2639 30 35 is

1698 2699 124 49 going
1843 2701 41 31 to
1906 2694 50 36 be
1978 2694 93 36 civil
2093 2694 80 36 and

1696 2765 96 38 very
1809 2753 228 49 thoughtful
2055 2751 121 38 about

1698 2809 104 38 each
1849 2809 167 36 other's
2063 2809 112 35 view

1699 2869 156 49 points,
1882 2866 82 36 and
1989 2866 91 36 that
2104 2877 49 24 no-

1698 2923 110 50 body
1830 2924 31 35 is
1882 2934 91 25 ever
1995 2923 121 49 going
2137 2926 41 31 to

1699 2981 142 36 attack
1882 2980 203 49 anybody
2123 2991 55 25 on

1699 3036 235 46 ideological
1943 3035 178 47 grounds

1257 3098 191 50 although
1458 3096 288 50 disagreement
1759 3096 30 35 is
1803 3094 90 43 fine,
1906 3104 41 27 as
1961 3093 91 49 long
2065 3104 41 25 as
2118 3093 60 36 it's

1257 3156 104 35 done
1375 3154 137 47 civilly,
1526 3153 80 36 and
1622 3165 44 24 so
1682 3151 55 36 far
1753 3151 60 36 it's
1827 3150 164 36 worked
2005 3148 60 38 for
2080 3161 72 24 me.

1315 3213 69 35 I'm
1394 3216 68 31 not
1472 3222 44 25 so
1526 3208 209 38 successful
1746 3209 39 33 in
1795 3208 49 36 all
1857 3208 113 35 kinds
1980 3206 43 36 of
2030 3206 148 36 classes.

1257 3269 14 35 I
1283 3268 139 36 would
1436 3279 69 36 say
1520 3266 83 36 that
1616 3266 14 36 I
1644 3266 54 36 do
1710 3269 69 31 not
1794 3263 112 38 think
1918 3263 80 36 that
2013 3263 65 35 the
2091 3263 60 35 Mu-

1257 3324 93 36 sical
1361 3324 162 49 History
1535 3334 145 38 survey
1691 3323 31 35 is
1735 3332 68 38 my
1813 3321 87 35 best
1910 3320 94 36 kind
2019 3320 41 36 of
2071 3320 109 36 class.

1258 3381 63 36 It's
1342 3391 19 25 a
1380 3380 55 36 lot
1452 3380 43 36 of
1510 3378 143 36 factual
1672 3376 184 43 material,
1877 3376 61 35 it's
1956 3381 68 30 not
2043 3387 66 36 my
2129 3375 35 35 fa-

1257 3438 126 35 vorite
1395 3435 96 36 kind
1506 3435 43 36 of
1559 3435 110 43 class,
1683 3435 140 35 there's
1839 3444 20 25 a
1874 3433 54 36 lot
1940 3431 43 38 of
1994 3431 189 49 logistical

1258 3494 162 47 getting
1443 3491 191 49 together
1657 3490 44 36 of
1723 3501 137 25 scores
1885 3493 43 31 to
1950 3493 169 46 present
2143 3491 41 31 to

1258 3548 156 50 people,
1430 3548 79 36 and
1524 3548 14 35 I
1554 3548 85 35 find
1655 3548 80 35 that
1751 3557 94 38 very
1860 3545 323 49 overwhelming.

1260 3606 72 35 I'm
1343 3617 101 36 very,
1457 3616 96 36 very
1564 3605 301 39 conscientious;
1877 3602 71 36 I'm
1961 3600 170 36 terrified
2143 3600 43 36 of

1260 3661 180 49 walking
1463 3663 85 33 into
1570 3672 22 24 a
1613 3660 106 36 class
1739 3658 271 50 unprepared.
2035 3658 13 36 I
2071 3658 115 36 don't

1261 3718 112 36 think
1386 3718 79 35 I've
1474 3729 93 24 ever
1578 3717 106 36 done
1694 3718 39 33 it.
1746 3715 63 36 It's
1822 3726 101 38 very,
1935 3726 94 38 very
2041 3715 121 47 impor-

1263 3780 80 30 tant
1359 3780 39 30 to
1414 3784 74 25 me.
1506 3773 65 35 It's
1586 3772 255 36 unthinkable
1857 3772 82 36 that
1953 3772 14 35 I
1981 3770 137 36 would
2135 3781 50 38 go

1263 3833 82 33 into
1361 3843 20 24 a
1395 3830 98 36 class
1509 3827 261 50 unprepared.

1321 3887 14 35 I
1351 3887 83 36 also
1449 3885 225 50 personally
1688 3885 151 36 believe
1855 3883 82 36 that
1953 3883 65 36 the
2033 3885 153 35 univer-

2228 1104 76 46 sity
2323 1106 150 44 system
2491 1102 33 35 is
2543 1102 121 47 going
2685 1104 41 33 to
2743 1099 104 36 have
2865 1102 41 33 to
2926 1096 150 52 change
3091 1094 30 38 bi

2228 1170 117 24 cause
2361 1157 61 36 it's
2438 1156 101 38 clear
2553 1156 85 36 that
2652 1156 109 36 there
2776 1167 63 25 are
2855 1167 20 24 a
2891 1154 54 36 lot
2961 1154 43 36 of
3014 1165 106 38 peop

2230 1216 123 49 doing
2375 1214 247 49 scholarship
2646 1214 61 36 for
2726 1213 134 38 which
2882 1213 107 38 there
3011 1213 31 36 is
3063 1222 58 27 vei

2230 1272 93 36 little
2334 1274 277 47 constituency,
2622 1269 165 38 tenured
2798 1269 145 50 people
2953 1269 169 35 becomir

2230 1329 310 49 self-indulgent.
2554 1329 83 36 You
2652 1328 120 36 could
2787 1326 192 50 probably
2994 1337 71 38 say
3077 1324 44 36 th:

2230 1386 121 36 about
2370 1397 74 30 me,
2463 1384 72 36 I'm
2550 1384 186 50 working
2751 1395 54 25 on
2822 1383 165 36 musical
3005 1381 117 36 theate

2230 1444 33 35 is
2277 1443 83 36 that
2373 1443 109 35 what
2496 1443 66 35 the
2576 1441 128 36 world
2720 1441 120 49 really
2855 1439 143 38 needs?
3014 1439 14 36 I
3041 1438 80 38 real:

2230 1499 113 38 think
2357 1499 82 36 that
2455 1498 65 38 the
2535 1498 129 36 future
2680 1498 43 36 of
2735 1498 66 36 the
2816 1498 217 49 university
3047 1496 33 35 is
3093 1506 28 39 gi

2231 1559 68 47 ing
2318 1562 41 30 to
2378 1556 102 36 have
2499 1561 43 31 to
2561 1556 49 35 be
2630 1567 109 24 more
2761 1554 79 36 and
2860 1565 110 25 more
2987 1557 134 33 towarc

2230 1614 165 49 valuing
2416 1613 181 49 teaching
2616 1624 120 25 more.
2757 1613 13 35 I
2791 1609 115 38 think
2924 1609 65 38 the
3008 1611 113 35 unive

2231 1674 77 47 sity
2324 1671 99 36 used
2441 1676 41 31 to
2496 1669 50 36 be
2562 1669 77 36 like
2657 1669 82 36 that
2754 1674 39 31 at
2809 1669 66 35 the
2890 1668 217 50 beginning
3120 1668 2 54 <

2233 1729 66 36 the
2320 1732 173 44 century,
2517 1726 148 50 people
2683 1731 110 31 went
2816 1731 41 31 to
2877 1723 123 50 study
3022 1721 98 38 with

2233 1791 107 44 great
2356 1784 161 36 teacher.

2291 1843 148 49 People
2460 1841 150 36 should
2631 1839 164 50 publish
2817 1839 91 43 less,
2931 1838 121 36 much
3074 1836 47 38 les

2235 1899 79 36 and
2332 1883 113 52 think
2463 1910 20 24 a
2502 1898 55 36 lot
2576 1898 137 50 longer
2729 1896 135 36 before
2882 1894 93 50 they
2991 1894 131 50 publis

2235 1967 46 24 so
2294 1956 83 35 that
2391 1956 109 35 there
2512 1954 83 36 will
2609 1954 49 36 be
2674 1953 76 38 less
2765 1954 161 47 coming
2939 1956 71 33 out
3022 1962 47 25 so
3082 1950 39 38 th

2235 2013 143 49 people
2397 2011 198 36 wouldn't
2613 2011 50 36 be
2682 2022 46 25 so
2746 2008 318 50 anxiety-ridden
3083 2008 38 35 th

2236 2069 91 49 they
2345 2069 102 35 have
2465 2072 39 31 to
2523 2068 99 49 keep
2641 2079 68 38 up,
2728 2068 101 47 keep
2847 2077 68 38 up,
2932 2065 99 49 keep
3049 2076 68 38 up.

2238 2126 106 36 takes
2354 2137 113 36 away
2477 2124 102 36 from
2589 2123 189 50 teaching.
2791 2123 30 36 It
2830 2121 217 49 absolutely
3057 2120 65 36 doc

2238 2183 91 35 And
2343 2183 68 35 the
2424 2181 230 36 alternative
2666 2183 33 35 is
2713 2180 82 38 that
2809 2180 30 36 if
2850 2191 83 38 you
2946 2176 120 50 really
3079 2176 43 38 tal

2238 2252 99 36 your
2350 2238 180 49 teaching
2540 2238 200 49 seriously,
2753 2239 27 33 it
2792 2236 156 36 doesn't
2959 2235 115 36 allow
3085 2246 36 38 yc

2239 2301 41 30 to
2301 2294 102 50 keep
2427 2306 55 38 up
2504 2294 101 36 with
2627 2306 102 38 your
2751 2291 263 49 scholarship.
3036 2290 85 38 And

2239 2353 110 38 don't
2361 2364 113 25 mean
2485 2351 233 49 necessarily
2728 2356 38 31 at
2776 2351 151 41 Brown;
2939 2361 66 39 my
3014 2348 107 50 depai

2239 2414 120 38 ment,
2373 2414 38 31 at
2424 2408 107 44 least,
2543 2408 112 36 takes
2668 2408 181 49 teaching
2860 2417 98 38 very
2970 2405 151 38 serious!

2241 2468 71 36 But
2324 2469 39 35 in
2376 2466 63 38 the
2452 2468 219 46 university
2682 2469 150 46 system
2843 2476 43 25 as
2896 2476 22 25 a
2929 2461 143 44 whole,
3082 2474 39 38 pe

2239 2529 87 30 ents
2343 2535 63 24 are
2425 2521 170 50 shelling
2611 2526 71 31 out
2699 2521 50 36 all
2767 2521 43 36 of
2825 2521 76 35 this
2920 2531 153 38 money,
3090 2531 31 25 ai

2241 2581 93 49 they
2356 2581 113 36 don't
2491 2580 121 49 really
2633 2580 120 36 know
2776 2578 50 38 all
2847 2578 44 38 of
2910 2576 66 38 the
2995 2587 113 38 ways

2239 2636 132 38 which
2389 2636 90 36 kids
2498 2647 63 25 are
2576 2635 121 50 being
2713 2638 120 47 given
2849 2633 241 38 short-shrift
3104 2631 17 38 fc

2241 2706 118 25 cause
2372 2694 65 36 the
2449 2693 187 38 teachers'
2650 2694 195 49 priorities
2858 2691 120 49 really
2991 2690 112 38 don't
3113 2691 8 35 i

2241 2751 120 35 volve
2373 2751 66 35 the
2454 2750 99 36 kids.

2244 2809 49 43 Q.
2312 2809 98 35 How
2422 2806 52 36 do
2488 2817 76 38 you
2580 2806 165 36 balance
2759 2805 118 49 doing
2902 2802 180 41 research
3094 2814 31 25 ai

2244 2863 151 50 writing
2411 2861 93 38 with
2521 2861 205 50 teaching?

2246 2921 44 36 A.
2306 2921 13 36 I
2332 2921 85 36 find
2430 2923 28 33 it
2472 2921 180 43 difficult,
2665 2921 71 35 but
2748 2931 69 38 my
2830 2918 131 50 policy
2972 2918 71 36 has
3057 2921 69 33 trac

2246 2978 161 49 tionally
2419 2978 99 36 been
2532 2978 82 36 that
2627 2978 13 35 I
2654 2976 112 38 don't
2778 2987 101 25 even
2891 2978 164 47 attempt
3066 2978 41 33 to
3118 2989 8 20 i

2247 3047 76 38 any
2335 3036 157 47 writing
2506 3039 137 44 except
2655 3036 41 33 in
2709 3044 198 25 summers
2978 3043 148 27 summe

2247 3104 63 25 are
2326 3091 148 49 always
2491 3090 173 38 devoted
2682 3094 41 33 to
2739 3091 170 47 writing.
2926 3090 72 36 But
3014 3088 16 36 I
3046 3087 54 38 do
3113 3091 13 33 t

2247 3154 39 30 to
2306 3150 184 49 organize
2507 3161 69 36 my
2594 3159 159 25 courses
2772 3150 41 33 in
2830 3146 99 36 such
2946 3157 22 25 a
2986 3156 90 38 way
3093 3145 33 36 tl

2247 3206 107 36 there
2367 3208 30 33 is
2409 3205 176 36 material
2597 3206 41 35 in
2649 3217 68 36 my
2728 3214 159 27 courses
2899 3202 82 38 that
2991 3200 83 38 will
3083 3200 43 36 he

2247 3274 65 25 me
2332 3261 99 36 with
2454 3261 65 36 the
2540 3263 161 49 writing
2723 3272 98 25 over
2841 3260 68 36 the
2929 3269 197 27 summers

2247 3331 121 25 never
2387 3331 69 25 use
2474 3318 192 49 graduate
2685 3318 181 36 students
2883 3321 43 33 to
2943 3315 54 38 do
3014 3328 112 25 erran

2249 3375 60 36 for
2323 3387 63 24 me
2398 3387 43 24 or
2454 3380 41 30 to
2507 3375 54 35 do
2573 3373 178 38 research
2764 3373 60 36 for
2836 3384 74 25 me.
2926 3373 13 35 I
2953 3373 99 35 have
3065 3384 24 24 a
3099 3383 27 25 r<

2249 3431 181 49 problem
2447 3430 238 49 delegating,
2704 3430 134 36 which
2857 3430 14 36 I
2891 3428 113 38 think
3022 3439 20 25 a
3063 3427 55 38 lot

2249 3499 161 25 women
2425 3487 65 36 do.
2509 3488 72 35 But
2597 3487 14 36 I
2627 3487 55 36 do
2698 3491 66 46 try,
2780 3487 173 50 through
2970 3496 68 39 my
3050 3488 76 33 teac

2250 3546 79 47 ing,
2346 3548 41 33 to
2405 3543 99 49 keep
2523 3556 69 36 my
2609 3556 93 25 own
2720 3546 180 35 interests
2917 3542 101 38 alive
3035 3553 46 25 so
3096 3540 30 38 tl

2250 3600 120 38 when
2380 3602 14 35 I
2405 3606 63 44 get
2479 3606 39 30 to
2529 3600 66 36 the
2605 3600 79 36 end
2694 3600 43 36 of
2746 3613 22 24 a
2778 3611 94 39 year
2882 3600 79 35 and
2972 3600 72 35 I'm
3052 3608 74 27 wo:

2252 3660 68 47 ing
2329 3669 54 25 on
2394 3669 20 24 a
2425 3658 157 47 writing
2594 3658 154 47 project,
2761 3658 13 35 I
2786 3668 72 25 can
2868 3655 110 36 draw
2989 3666 54 25 on
3052 3666 74 25 son

2254 3713 112 50 thing
2383 3713 82 36 that
2482 3713 79 36 I've
2580 3713 118 43 done,
2717 3724 46 25 so
2780 3713 109 35 there
2907 3713 31 35 is
2957 3723 112 25 some
3087 3723 39 25 re

2254 3770 184 49 tionship.
2458 3770 72 36 But
2550 3770 13 35 I
2583 3769 101 38 have
2702 3773 41 33 to
2761 3781 71 36 say
2850 3769 85 36 that
2953 3767 146 50 during
3115 3772 11 33 t

2257 3866 282 44 INTERVIEW
2557 3866 65 44 BY
2639 3866 132 44 BETH
2795 3865 181 46 BERUN

298 2367 98 41 First
411 2369 104 39 Year
531 2370 47 36 at
595 2367 159 39 Brown:
776 2365 115 39 1989

299 2431 252 41 Education:
569 2431 216 46 Wellesley
800 2430 172 46 College
994 2428 113 47 (BA),
1126 2425 216 41 Columbia
1361 2424 220 46 University

299 2499 106 49 (MA,
427 2498 120 46 PhD).

296 2564 145 38 Works
461 2562 191 39 Include:
674 2559 268 49 Developing
961 2556 231 43 Variations:
1211 2556 109 47 Style
1337 2556 93 38 and

299 2628 206 49 Ideology
518 2627 41 41 in
578 2627 191 39 Western
783 2625 140 39 Music
934 2625 13 44 !.
956 2625 106 36 1991
1076 2625 27 44 ).

299 2694 184 38 Courses
502 2691 157 49 taught
682 2690 192 41 1995-96
891 2687 228 43 academic
1135 2694 115 41 year:

301 2756 288 44 Introduction
608 2761 49 35 to
674 2756 189 39 Western
882 2754 131 39 Music

299 2824 129 38 Music
446 2824 187 39 Theater:
654 2822 82 38 The
756 2820 231 46 Broadway
1003 2817 167 41 Musical

302 2887 209 41 Romantic
532 2887 87 38 and
638 2887 184 38 Modern
841 2883 129 39 Music

302 2953 294 47 Schoenberg,
617 2950 236 50 Stravinsky,
874 2948 87 41 and
978 2948 181 39 Adorno

1668 3956 120 74 26
