3126 4141
165 126 241 55 FRENCH
436 121 250 58 STUDIES

139 255 698 184 Pierre
915 235 1465 202 Saint-Amand

148 523 57 57 “I
219 518 283 61 couldn’t
515 517 236 58 believe
773 513 184 60 when
975 515 35 55 I
1025 510 214 60 would
1258 509 77 58 be
1356 507 298 74 teaching
1666 523 43 41 a
1728 521 219 41 course
1965 504 68 55 in
2054 499 293 60 classical
2365 499 151 57 17th
2537 506 263 66 century

143 611 247 58 theater
403 608 140 60 and
565 606 216 60 would
800 605 164 58 have
984 602 104 58 the
1109 600 304 60 numbers
1431 598 79 74 of
1513 595 287 60 students
1822 594 143 58 that
1980 597 31 54 I
2027 591 151 69 had,
2197 591 140 58 and
2354 589 129 58 still
2501 589 99 58 do.
2616 591 83 54 At
2713 591 225 54 Brown

145 702 170 58 there
332 702 186 57 exists
534 718 44 38 a
597 704 255 52 context
868 694 206 58 where
1094 691 299 72 teaching
1409 688 321 58 literature
1751 687 50 57 is
1819 682 331 76 extremely
2169 680 408 76 important.”

139 833 33 36 A
191 831 150 38 student
359 828 82 39 asks
463 830 120 36 Pierre
605 825 271 39 Saint-Amand
896 836 20 24 a
939 822 129 50 simple

140 888 173 50 question,
331 887 61 38 but
408 898 46 25 an
471 887 195 49 important
679 894 69 27 one
776 887 35 33 to
825 882 63 38 ask
901 893 22 25 a
937 879 113 52 profes-

140 956 58 27 sor
214 945 43 50 of
269 943 55 39 the
343 954 164 27 romance
524 942 206 49 languages.
753 939 135 38 Should
909 937 82 50 they
1006 937 41 36 ad-

140 1003 96 38 dress
254 1002 72 38 him
343 1002 36 36 in
397 1000 57 38 the
461 1000 134 50 formal
609 1009 41 25 or
665 997 167 50 informal
849 995 118 38 tense?
987 994 80 38 Will

142 1060 27 36 it
183 1058 41 38 be
235 1069 104 25 vous
351 1069 41 25 or
405 1057 66 38 tu?

403 1126 85 38 says
502 1110 274 39 Saint-Amand.
798 1110 80 36 "It's
894 1109 57 38 the
964 1121 58 25 era
1036 1107 41 50 of

143 1173 159 43 Clinton,
315 1172 91 50 after

200 1230 98 39 Such
315 1228 191 50 references
523 1233 36 31 to
576 1230 145 35 current
739 1225 71 50 day
825 1222 246 52 personalities

145 1299 82 39 may
238 1287 39 38 be
288 1298 20 25 a
323 1287 90 36 little
425 1283 161 38 unusual
589 1283 63 50 for
661 1294 19 25 a
696 1293 123 28 course
830 1293 47 25 on
893 1279 87 39 18th
992 1291 60 25 cen-

146 1350 82 46 tury
241 1343 134 39 French
391 1342 192 43 literature,
598 1340 63 38 but
676 1340 117 36 Pierre
808 1335 265 39 Saint-Amand

146 1403 28 36 is
186 1406 63 33 not
257 1411 93 41 your
357 1400 106 38 usual
474 1398 134 36 French
616 1397 180 50 professor.
809 1392 263 41 Saint-Amand

146 1458 176 38 combines
332 1469 49 25 an
392 1455 96 52 often
501 1454 189 52 hysterical
702 1455 63 36 wit
836 1452 191 50 references
1039 1455 35 31 to

146 1513 156 39 Michael
320 1513 146 47 Jackson
488 1512 87 38 have
594 1510 238 49 occasionally
844 1507 120 52 found
986 1507 91 38 their

148 1584 79 39 way
244 1573 77 36 into
340 1572 220 36 discussions
580 1569 41 50 of
633 1569 57 38 the
707 1565 167 52 assigned
896 1565 181 38 literature

213 1628 85 39 with
306 1641 47 25 an
362 1625 172 52 approach
545 1631 35 31 to
589 1625 176 38 literature
776 1624 74 36 that
861 1622 93 38 takes
964 1620 112 39 works

150 1687 76 38 that
236 1687 87 36 have
331 1685 96 50 often
436 1682 180 52 produced
625 1694 126 38 yawns
764 1682 36 36 in
811 1680 102 38 other
923 1690 153 31 courses,

148 1742 71 39 and
236 1743 165 49 reignites
419 1740 57 38 the
488 1740 165 50 passions
666 1739 74 36 and
754 1739 131 36 humor
901 1735 74 38 that
987 1746 91 39 gave

151 1800 57 38 the
222 1800 123 38 novels
357 1798 72 38 and
444 1798 102 50 plays
564 1797 90 38 their
668 1795 117 38 initial
798 1805 180 27 successes
994 1792 85 50 long

151 1857 112 50 before
276 1855 57 39 the
345 1855 87 38 20th
444 1860 157 44 century.
619 1852 46 43 (It
676 1852 139 38 doesn't
827 1852 85 35 hurt
926 1849 74 38 that
1013 1860 66 27 one

151 1913 41 50 of
195 1913 57 38 his
254 1912 156 52 favorite
422 1912 110 50 topics
537 1910 63 52 for
608 1910 202 36 discussion
824 1909 30 36 is
863 1906 216 41 seduction.)

209 1969 181 52 Professor
405 1965 277 44 Saint-Amand,
701 1964 180 54 Professor
896 1964 44 50 of
948 1962 132 38 French

154 2027 153 44 Studies,
323 2038 74 27 was
413 2025 87 38 bom
513 2025 74 36 and
603 2024 113 36 raised
732 2024 38 36 in
787 2020 294 39 Port-au-Prince

156 2087 36 36 in
209 2085 113 43 Haiti,
342 2082 170 39 educated
531 2082 38 38 in
589 2079 157 44 Canada,
765 2077 72 39 and
857 2077 65 38 has
940 2080 104 47 spent
1061 2087 19 25 a

153 2146 99 47 great
260 2145 150 35 amount
419 2139 41 52 of
465 2140 83 36 time
557 2139 38 36 in
606 2139 142 43 France,
759 2135 176 50 studying
948 2134 55 38 the
1014 2139 52 33 tar-

154 2203 76 49 gets
239 2198 41 52 of
282 2198 57 38 his
348 2195 216 50 scholarship
575 2197 35 36 in
624 2194 55 39 the
690 2195 123 36 nation
824 2192 76 38 that
909 2191 176 52 produced

157 2257 106 38 them.
283 2254 107 52 After
408 2255 113 38 stints
540 2258 38 31 at
600 2252 82 38 both
706 2250 170 50 Stanford
896 2249 72 38 and
992 2247 91 43 Yale,

159 2310 260 41 Saint-Amand
430 2321 98 27 came
539 2313 35 33 to
583 2310 129 36 Brown
721 2320 39 25 as
770 2320 47 25 an
827 2306 173 38 associate
1008 2315 58 39 pro-

150 2370 120 50 fessor
277 2369 43 50 of
323 2367 132 39 French
469 2369 195 36 Literature
676 2365 38 36 in
728 2364 104 38 1986.
844 2364 71 36 His
926 2361 143 52 speciali-

161 2427 65 38 ties
236 2436 60 27 are
310 2425 38 38 in
365 2424 85 38 17th
465 2424 74 36 and
554 2422 85 38 18th
654 2422 153 49 century
819 2419 137 39 French
970 2417 101 38 litera-

161 2488 77 33 ture
255 2482 74 39 and
348 2482 140 43 theater,
510 2480 65 38 but
592 2479 44 38 he
654 2479 96 50 often
772 2477 94 38 leads
887 2487 143 27 courses
1050 2477 38 35 in

161 2540 176 50 language
348 2550 39 27 as
402 2537 79 38 well
493 2548 41 25 as
548 2537 192 36 literature.
757 2535 80 38 One
850 2532 41 50 of
898 2532 57 38 his
967 2531 123 52 bigger

153 2597 87 50 fans
323 2608 20 25 a
361 2594 148 39 student
528 2592 80 39 who
625 2592 63 38 has
709 2591 101 38 taken
830 2591 74 36 him
915 2589 63 50 for
997 2589 93 36 three

162 2663 142 28 courses
384 2649 205 39 mentioned
605 2649 82 38 how
702 2647 44 38 he
762 2646 120 39 would
901 2646 83 38 wait
1002 2644 91 50 after

162 2710 91 36 class
266 2713 36 33 to
312 2720 142 27 answer
461 2718 107 39 every
578 2706 74 38 and
661 2704 49 39 all
723 2704 194 52 questions.
931 2702 72 36 The
1014 2706 58 33 stu-

164 2765 83 39 dent
257 2764 143 52 paused,
409 2764 74 38 and
494 2764 82 36 then
589 2761 203 39 continued:
912 2757 71 39 and
995 2757 98 38 make

164 2835 82 25 sure
261 2827 35 33 to
312 2822 157 38 mention
487 2820 74 38 that
575 2820 44 36 he

165 2879 135 39 dresses
313 2877 110 52 really
436 2876 115 39 well.”

169 3002 50 46 Q.
231 3000 72 38 Tell
318 3009 63 28 me
392 2998 121 38 about
524 3008 98 39 your

170 3055 104 50 early
296 3068 113 38 years
433 3055 38 38 in
496 3052 124 39 North

169 3112 189 39 America.

170 3172 47 36 A.
235 3172 14 36 I
265 3169 68 39 left
348 3170 107 36 Haiti
471 3170 43 35 in
529 3167 94 38 1975

172 3233 41 31 to
235 3238 52 39 go
307 3231 41 31 to
369 3225 68 38 the
455 3225 146 36 Univer-

173 3285 76 49 sity
263 3282 44 39 of
321 3280 206 44 Montreal,
545 3279 80 39 and

173 3340 16 36 I
202 3339 180 38 received
397 3350 68 38 my
480 3339 90 35 B.A.
586 3339 41 35 in

175 3395 139 38 1978.1
329 3406 87 25 was
431 3391 195 39 educated

175 3454 41 35 in
225 3450 192 38 Montreal
424 3450 55 49 by
488 3460 20 27 a
518 3460 83 27 won-

176 3506 129 39 derful
317 3517 175 31 woman,
506 3517 20 25 a
540 3515 88 39 pro-

176 3564 126 36 fessor
312 3562 94 38 who
416 3561 252 49 encouraged
679 3572 66 25 me
756 3564 41 33 to
808 3557 54 38 do
874 3570 69 38 my
954 3556 151 38 studies

178 3620 41 36 in
228 3619 66 38 the
304 3617 83 39 U.S.
397 3617 169 38 because
576 3616 43 36 of
627 3617 68 35 the
704 3614 220 52 possibility
935 3613 43 38 of
987 3617 94 33 meet-

180 3677 66 49 ing
257 3679 109 47 great
375 3674 220 50 professors
608 3672 80 38 and
699 3671 175 39 scholars
885 3671 91 36 here
991 3671 41 35 in
1043 3669 65 36 the

178 3731 85 39 U.S.

236 3787 99 38 That
345 3798 87 27 was
441 3786 110 38 what
562 3784 214 50 happened
789 3784 121 36 when
923 3784 14 35 I
948 3786 109 33 went
1069 3786 39 31 to

180 3843 118 46 Johns
315 3843 186 50 Hopkins
518 3846 41 31 to
576 3841 55 36 do
649 3852 69 38 my
735 3839 194 50 graduate
945 3838 164 38 studies.

181 3899 123 38 There
320 3899 14 36 I
351 3910 85 25 was
454 3898 87 38 able
557 3902 41 31 to
614 3896 115 38 work
745 3894 99 38 with
861 3907 20 24 a
901 3894 57 36 lot
973 3894 44 36 of
1033 3899 76 30 star

183 3954 257 36 intellectuals
457 3953 104 38 from
576 3954 154 35 France.
750 3953 33 36 It
798 3962 83 25 was
901 3962 22 25 a
940 3961 98 38 very
1055 3961 54 25 re-

1151 2252 194 50 warding
1367 2252 246 49 experience
1636 2254 43 31 to
1701 2249 52 36 be
1776 2247 93 36 able
1891 2252 43 30 to
1957 2246 118 35 work

1153 2310 143 49 closely
1306 2309 98 38 with
1413 2309 107 36 them
1531 2309 39 35 in
1581 2304 110 39 small
1702 2304 151 38 classes.
1863 2304 91 35 This
1965 2304 30 35 is
2006 2306 69 33 not

1153 2365 180 52 possible
1356 2367 41 35 in
1419 2364 145 36 France
1584 2373 46 27 or
1650 2361 180 43 Canada,
1852 2359 134 38 where
2009 2357 66 38 the

1154 2425 142 36 classes
1310 2435 63 25 are
1386 2420 120 38 much
1515 2420 139 49 bigger
1665 2417 79 38 and
1757 2417 65 38 the
1835 2420 189 33 structure
2036 2416 41 36 of

1156 2480 65 38 the
1236 2479 143 38 classes
1395 2480 31 35 is
1444 2490 94 38 very
1554 2477 192 36 different.
1762 2476 91 36 This
1869 2474 208 41 closeness,

1157 2539 79 36 and
1257 2537 66 36 the
1343 2535 224 50 possibility
1589 2539 39 31 to
1647 2532 124 43 bond,
1792 2534 41 35 in
1854 2543 77 24 one
1950 2540 128 33 sense,

1156 2594 98 38 with
1271 2605 101 38 your
1389 2591 205 52 professor,
1611 2595 43 30 to
1671 2591 101 35 have
1789 2589 82 36 him
1888 2600 44 24 or
1950 2586 69 38 her
2036 2597 41 25 as

1157 2661 101 41 your
1271 2654 164 38 mentor,
1447 2660 83 25 was
1546 2646 290 49 extraordinary
1850 2649 41 31 to
1906 2655 65 25 me
1983 2643 94 36 after

1157 2709 159 47 coming
1331 2706 104 36 from
1446 2717 74 25 our
1534 2707 156 47 system.

1173 3556 49 44 Q.
1243 3556 98 35 How
1356 3551 65 39 did
1436 3564 76 36 you
1529 3550 112 50 begin
1655 3550 198 49 teaching?

1173 3611 46 36 A.
1231 3609 112 36 After
1354 3608 118 46 Johns
1487 3608 192 50 Hopkins,
1693 3608 13 35 I
1720 3609 107 33 went
1838 3609 41 33 to
1888 3603 90 38 Yale
1991 3616 43 25 as
2046 3616 50 24 an

1175 3669 183 35 assistant
1365 3665 200 50 professor
1576 3665 60 36 for
1646 3676 20 25 a
1679 3676 98 38 year.
1791 3660 306 50 Unfortunately,

1175 3724 14 35 I
1200 3723 140 36 wasn't
1348 3721 87 38 able
1444 3726 41 31 to
1494 3721 109 36 teach
1613 3731 68 39 my
1690 3718 189 50 specialty.
1891 3718 14 36 I
1913 3729 83 25 was
2008 3718 68 35 sim-

1175 3780 69 50 ply
1260 3778 184 50 assigned
1458 3783 41 31 to
1513 3776 110 38 teach
1639 3775 189 50 anything
1904 3773 194 50 language

1176 3846 159 27 courses
1348 3835 80 36 and
1443 3846 46 25 so
1502 3844 63 25 on.
1580 3833 126 36 When
1720 3843 20 27 a
1754 3833 172 47 position
1939 3830 159 36 became

1178 3891 191 38 available
1386 3893 41 33 in
1444 3902 68 36 my
1531 3888 91 38 field
1643 3894 36 30 at
1696 3887 194 43 Stanford,
1907 3887 14 35 I
1940 3885 157 50 applied

1178 3946 61 36 for
1255 3950 39 33 it.
1313 3946 13 36 I
1343 3957 83 25 was
1444 3946 118 47 lucky
1580 3945 161 49 enough
1757 3948 39 31 to
1814 3946 63 46 get
1896 3945 36 39 it,
1951 3953 44 25 so
2014 3940 57 38 off
2088 3940 9 36 I

2140 2247 107 31 went
2263 2247 43 31 to
2320 2241 183 36 Stanford
2518 2241 61 36 for
2595 2239 91 36 four
2701 2250 113 36 years
2831 2249 43 25 as
2890 2249 52 25 an
2957 2239 94 33 assis-

2142 2304 83 33 tant
2239 2298 205 52 professor.

2200 2356 31 36 It
2241 2367 82 25 was
2334 2367 22 24 a
2365 2365 96 39 very
2469 2353 106 50 good
2586 2364 128 31 move,
2724 2351 167 38 because
2901 2354 68 31 not
2980 2348 91 50 only

2142 2425 85 25 was
2241 2414 14 36 I
2271 2413 85 38 able
2369 2417 41 31 to
2422 2411 112 38 teach
2548 2422 68 38 my
2628 2408 191 52 specialty
2830 2406 143 38 —lBth
2984 2417 66 25 cen-

2145 2476 90 46 tury
2252 2469 195 36 literature
2524 2468 72 36 but
2613 2468 14 36 I
2644 2477 85 27 was
2746 2465 83 38 also
2846 2463 87 39 able
2950 2469 41 31 to
3005 2461 46 38 de-

2145 2528 120 50 velop
2287 2539 161 25 courses
2468 2524 80 38 and
2569 2523 191 39 establish
2780 2521 146 52 myself
2945 2523 41 35 in
3005 2532 68 38 my

2146 2584 96 36 field
2263 2583 80 38 and
2362 2583 49 36 be
2433 2592 148 38 among
2600 2581 113 36 other
2732 2591 139 38 young
2891 2580 183 35 assistant

2146 2641 219 50 professors
2383 2638 181 49 teaching
2581 2636 90 38 18th
2688 2641 164 44 century
2868 2635 205 36 literature.

2148 2698 71 36 For
2233 2694 192 52 example,
2439 2707 76 24 one
2531 2693 195 50 scholarly
2740 2704 128 38 group
2882 2691 14 36 I
2912 2688 162 39 worked

2148 2756 43 35 in
2200 2754 79 36 had
2291 2754 173 36 German
2474 2751 80 38 and
2565 2750 162 50 English
2737 2748 220 52 professors
2967 2746 43 38 of
3019 2746 43 36 lit-

2150 2816 153 31 erature
2313 2808 183 50 working
2509 2808 187 49 together.

2151 2869 49 43 Q.
2217 2865 99 50 Why
2331 2863 66 41 did
2411 2876 77 38 you
2506 2863 146 39 choose
2669 2865 135 35 Brown
2820 2872 43 27 as
2879 2871 96 39 your
2991 2861 83 35 next

2151 2921 254 39 destination?

2153 2983 47 35 A.
2222 2983 14 35 I
2258 2991 112 27 came
2391 2983 41 33 to
2452 2980 143 36 Brown
2616 2975 239 52 principally
2874 2975 172 36 because
3066 2973 14 35 I

2153 3036 170 38 wanted
2348 3041 41 31 to
2409 3035 52 38 be
2483 3035 107 36 back
2611 3046 58 25 on
2691 3033 71 36 the
2784 3033 94 36 East
2902 3031 140 38 Coast.
3068 3030 13 36 I

2154 3093 157 38 wanted
2323 3098 41 31 to
2372 3093 49 36 be
2431 3091 121 38 closer
2564 3094 39 35 to
2613 3102 69 38 my
2691 3088 135 50 family
2838 3091 41 35 in
2888 3088 104 36 Haiti
3003 3087 79 38 and

2156 3151 14 36 I
2183 3148 159 39 wanted
2356 3154 39 31 to
2406 3148 50 38 be
2468 3148 124 36 closer
2603 3151 41 33 to
2657 3146 162 44 Quebec
2831 3145 134 38 where
2975 3145 16 36 I
3002 3142 80 39 had

2157 3208 106 36 lived
2279 3206 143 36 before.
2439 3205 80 38 The
2534 3203 224 52 possibility
2775 3202 43 38 of
2830 3203 162 47 visiting
3006 3200 57 38 col-

2157 3265 161 49 leagues
2334 3261 79 38 and
2430 3260 206 52 attending
2649 3260 252 38 conferences
2917 3260 33 35 is
2965 3255 117 39 much

2157 3321 124 36 easier
2293 3320 104 36 here.
2409 3318 200 49 Similarly,
2625 3318 61 36 it's
2699 3315 121 38 much
2833 3317 124 36 easier
2969 3320 41 31 to
3022 3318 60 46 get

2159 3383 41 30 to
2214 3376 143 36 France
2372 3373 99 38 from
2485 3373 91 38 here
2592 3373 96 36 than
2701 3373 104 36 from
2817 3370 225 38 California.

2219 3435 14 35 I
2244 3433 83 36 also
2340 3431 157 38 wanted
2510 3435 41 33 to
2564 3431 79 36 live
2654 3431 41 35 in
2706 3443 20 24 a
2739 3428 112 50 place
2860 3428 132 36 which
3002 3438 87 25 was

2161 3488 43 38 of
2216 3488 157 38 smaller
2386 3487 239 52 geographic
2638 3487 102 36 scale
2754 3485 96 36 than
2861 3483 225 38 California.

2162 3546 13 36 I
2186 3545 159 38 wanted
2357 3550 39 31 to
2405 3545 50 36 be
2465 3546 41 35 in
2515 3556 22 25 a
2548 3545 77 47 city
2636 3554 80 38 you
2726 3554 74 25 can
2809 3540 104 38 walk
2924 3539 162 38 around.

2164 3602 170 50 Coming
2343 3605 41 31 to
2395 3600 139 36 Brown
2545 3600 79 36 and
2636 3598 238 36 Providence
2885 3597 96 38 after
2991 3595 79 38 Cali-

2165 3660 124 35 fornia
2306 3669 85 25 was
2408 3657 117 50 really
2542 3658 109 47 quite
2668 3668 50 25 an
2734 3657 194 47 exquisite
2942 3655 128 49 experi-

2165 3726 107 25 ence.
2296 3713 109 36 Even
2424 3712 154 52 Thayer
2598 3712 137 44 Street,
2757 3710 157 50 though
2937 3710 63 36 it's
3020 3713 69 33 not

2165 3772 131 43 much,
2313 3772 14 36 I
2345 3770 126 43 know,
2487 3770 72 36 but
2575 3769 98 38 with
2688 3769 68 36 the
2772 3780 94 25 near
2880 3769 209 49 proximity

2165 3827 44 38 of
2228 3825 117 38 small
2364 3825 243 41 businesses,
2627 3825 189 41 cinemas,
2839 3827 250 38 restaurants,

2170 3923 258 49 INTERVIEW
2443 3923 60 47 BY
2517 3923 219 47 LUDOVIC
2754 3923 167 46 HOOD

701 2894 98 38 First
816 2894 104 38 Year
935 2896 46 33 at
1000 2894 157 35 Brown:
1180 2890 126 39 1986.

702 2957 254 41 Education:
976 2956 220 46 University
1214 2956 46 38 of
1276 2954 205 38 Montreal
1502 2953 112 47 (BA),
1635 2951 131 39 Johns
1786 2946 186 49 Hopkins

702 3024 220 46 University
943 3025 106 44 (MA,
1071 3020 123 46 Phd),

701 3088 146 39 Works
868 3087 250 39 Published:
1143 3085 76 38 The
1239 3083 238 38 Libertine's
1494 3082 202 47 Progress:
1717 3077 236 39 Seduction
1970 3077 38 38 in

709 3156 72 36 the
800 3151 250 49 Eighteenth
1071 3151 178 44 Century
1265 3148 154 39 French
1436 3146 134 38 Novel
1586 3146 13 44 (
1609 3145 145 44 1994).

706 3219 186 38 Courses
910 3216 157 46 taught
1088 3214 191 38 1995-96
1296 3209 227 41 academic
1540 3219 113 38 year:

706 3282 309 47 Masterpieces
1031 3279 47 39 of
1096 3277 154 39 French
1271 3277 217 38 Literature
1507 3274 104 38 from
1628 3274 76 38 the
1723 3266 156 54 Middle
1898 3274 112 46 Ages

902 3350 47 33 to
969 3346 74 36 the
1065 3346 170 36 Present
1277 3346 2 36 .
2039 3346 3 36 .

710 3411 153 38 French
883 3409 164 38 Culture
1068 3408 87 38 and
1172 3405 246 39 Civilization

2844 2157 90 30 ROSS
2948 2156 121 30 KRIBBS

1641 4014 99 68 16
