3126 4141
247 106 269 58 HISTORY

219 235 534 191 John
811 228 898 187 Thomas

231 496 146 55 “You
394 499 120 68 put
526 509 43 39 a
589 496 121 52 text
723 496 115 49 out
852 487 176 65 there,
1046 482 134 58 and
1195 499 43 39 a
1252 479 254 60 student
1517 494 150 57 says,
1685 474 120 58 ‘did
1814 491 124 57 you
1956 490 135 41 ever

224 603 98 39 see
339 580 296 71 this,’and
646 597 128 57 you
789 595 117 57 say,
928 578 184 65 ‘Jesus,
1131 592 96 38 no.
1243 575 33 54 I
1288 570 198 58 didn’t
1504 567 175 60 think
1696 567 77 74 of
1778 562 361 60 that.’When

228 676 139 58 that
380 674 298 74 happens,
696 669 126 74 boy,
833 685 124 58 you
973 683 79 57 go
1071 661 266 76 through
1356 661 101 57 the
1476 658 173 76 roof.”

225 808 69 36 The
304 803 255 43 white-haired,
573 802 61 38 tall
650 813 82 25 man
748 806 104 30 turns
866 800 55 36 the
935 797 90 38 knob
1036 809 46 24 on
1098 795 55 36 the

225 861 176 39 boombox.
557 860 104 36 listen
683 861 35 33 to
860 855 43 36 he
918 865 93 39 says,
1031 852 83 36 with
1134 863 19 25 a

225 920 88 38 wide
331 918 102 38 smile
452 929 44 25 on
518 917 55 36 his
583 915 93 52 face.
698 913 71 36 The
791 913 44 36 18
852 912 167 38 students
1039 912 38 35 in
1098 909 55 38 the

225 976 154 38 seminar
394 986 46 25 on
458 975 57 35 the
531 973 191 36 American
739 969 126 38 Public
880 967 219 38 Intellectual
1118 967 35 35 in

227 1036 57 35 the
302 1033 85 38 20th
409 1033 162 47 Century
591 1030 106 38 listen
717 1039 39 25 as
778 1027 57 38 the
852 1031 113 31 stereo
983 1025 101 49 plays
1106 1024 47 36 Ed

227 1091 140 50 Begley,
392 1090 65 41 Sr.,
482 1088 153 49 reading
654 1096 175 39 passages
844 1083 99 49 from
965 1080 88 47 John
1080 1082 72 35 Dos

227 1148 140 38 Passos'
381 1148 134 36 U.S.A.

298 1205 109 38 When
420 1203 55 36 the
487 1202 126 50 Begley
625 1206 79 43 tape
706 1198 164 50 finishes,
885 1197 55 38 the
951 1195 60 38 tall
1025 1195 134 36 teacher

230 1263 91 38 looks
334 1261 137 36 around
487 1260 55 36 the
554 1260 200 36 classroom.
904 1254 99 50 stuff,
1118 1252 41 36 he

228 1320 88 38 asks.
334 1320 71 36 The
417 1317 165 38 students
598 1315 69 36 nod
680 1313 74 36 and
767 1313 110 36 smile.
893 1312 87 46 John
997 1307 161 39 Thomas'

230 1389 129 38 energy
375 1376 30 36 is
424 1375 195 50 infectious.
641 1370 137 39 There's
794 1383 19 24 a
831 1370 47 36 lot
896 1367 41 52 of
948 1369 25 36 it
1052 1367 36 36 in
1106 1367 54 35 his

231 1435 131 36 lecture
376 1444 124 25 course
518 1430 197 49 surveying
731 1427 191 36 American
942 1422 219 39 Intellectual

231 1493 157 47 History,
403 1488 71 38 and
488 1488 36 36 in
540 1488 69 35 this
622 1483 198 39 semester's
833 1483 164 39 seminar,
1011 1480 151 36 Thomas

230 1553 167 46 gestures
419 1545 50 38 all
490 1545 112 36 about
625 1542 90 38 with
739 1540 55 38 his
817 1540 118 36 hands
956 1537 74 38 and
1052 1548 109 30 arms,

235 1605 134 50 laughs,
383 1603 94 38 leans
490 1602 93 43 back,
595 1600 159 36 hunches
756 1595 169 54 forward.
939 1594 82 39 He's
1031 1594 132 50 always

235 1665 36 35 in
287 1661 143 36 motion.
450 1660 150 36 Thomas
617 1658 27 36 is
660 1657 131 36 known
805 1666 38 25 as
858 1654 246 47 intimidating

236 1721 36 36 in
291 1723 79 46 part
381 1717 61 50 for
460 1717 54 38 his
535 1713 82 39 6'l"
630 1713 118 52 frame
765 1712 72 36 and
857 1710 143 38 athletic
1017 1713 146 36 stature,

236 1776 63 38 but
317 1775 74 38 also
400 1775 61 50 for
479 1773 55 36 his
551 1770 239 49 occasionally
808 1767 176 39 merciless
1003 1767 71 36 wit.
1096 1767 69 35 But

236 1838 77 46 part
326 1831 39 50 of
372 1830 162 39 Thomas’
545 1841 142 27 success
699 1828 28 36 is
742 1827 74 36 that
827 1827 43 35 he
877 1824 172 38 demands
1060 1822 106 38 much

230 1890 96 50 from
340 1890 54 36 his
409 1888 176 41 students,
602 1885 72 38 and
690 1883 153 38 rewards
860 1882 93 38 them
970 1880 99 38 when
1088 1879 80 50 they

238 1948 146 36 achieve.
402 1948 68 35 His
483 1957 82 25 own
578 1942 220 50 scholarship
811 1940 94 36 deals
921 1939 87 36 with
1019 1937 94 38 what
1128 1937 41 36 he

238 2003 173 39 describes
425 2014 38 25 as
479 2002 58 38 the
550 2002 192 36 American
756 1995 217 41 adversarial
989 1994 178 43 tradition,

359 2061 143 36 interest
521 2058 41 50 of
573 2058 134 49 pitting
724 2054 164 52 yourself
898 2054 143 50 against
1058 2061 90 27 some-

243 2120 102 49 thing
362 2118 72 38 that
450 2129 71 38 you
540 2113 102 39 think
657 2115 30 36 is
702 2113 112 36 either
828 2110 150 49 morally
994 2120 124 38 wrong
1132 2120 38 25 or

243 2175 162 52 ethically
687 2173 16 35 I
715 2175 69 33 met
800 2169 87 38 with
902 2167 150 38 Thomas
1066 2170 36 31 at
1117 2165 54 36 his

243 2233 134 49 Benefit
392 2233 112 36 Street
521 2230 121 41 house,
657 2227 72 38 and
746 2228 36 35 in
800 2236 214 27 one-on-one
1028 2235 123 27 conver-

243 2291 113 36 sation
370 2290 41 36 he
424 2288 150 50 brought
586 2287 57 36 the
654 2296 98 27 same
761 2285 135 41 humor,
910 2282 180 49 intensity,
1102 2279 68 36 and

246 2345 287 50 thoughtfulness
550 2343 76 38 that
638 2346 195 46 permeates
849 2340 54 36 his
918 2348 150 27 courses.

246 2471 50 44 Q.
312 2471 46 35 At
373 2480 47 25 an
435 2479 72 38 age
521 2465 115 38 when
652 2476 117 36 many
783 2461 217 50 professors
1014 2471 65 25 are
1094 2461 61 35 cut-

246 2526 82 49 ting
343 2523 117 39 down
480 2534 50 25 on
550 2521 102 38 their
669 2517 200 41 workload
890 2529 44 27 or
953 2528 96 27 even
1069 2513 88 39 retir-

249 2584 74 47 ing,
342 2581 93 38 here
452 2592 77 36 you
548 2591 79 33 are,
649 2576 165 50 offering
831 2587 22 25 a
872 2575 146 36 lecture
1038 2584 137 25 course

249 2638 74 38 and
343 2638 167 38 seminar
529 2636 77 36 this
625 2638 198 39 semester,
843 2630 175 49 advising
1035 2628 140 38 theses.

265 3436 38 33 In
318 3443 98 36 your
431 3441 88 27 own
539 3427 143 44 words,
699 3427 90 49 why
805 3436 66 25 are
887 3436 77 36 you
981 3422 72 39 still
1072 3422 118 49 doing

265 3488 46 38 it?

265 3548 44 33 A.
318 3546 82 35 You
413 3543 52 36 do
477 3545 27 35 it
512 3543 169 35 because
691 3553 80 38 you
783 3540 76 35 like
869 3540 38 41 it,
921 3537 77 38 and
1008 3548 80 38 you
1099 3535 91 36 tend

265 3608 39 30 to
313 3602 77 36 bite
402 3602 58 35 off
471 3611 109 25 more
591 3598 96 38 than
696 3609 83 36 you
791 3597 117 36 chew.
921 3595 63 36 It's
997 3605 74 25 one
1083 3592 110 49 thing

265 3663 39 31 to
321 3658 54 36 do
391 3657 110 36 these
517 3655 145 49 things,
677 3654 74 36 but
767 3654 61 35 it's
846 3652 164 36 another
1025 3650 113 47 thing
1156 3654 39 31 to

266 3715 54 36 do
335 3713 107 36 them
457 3713 101 35 well.
576 3713 235 35 Sometimes
828 3710 13 35 I
858 3709 112 36 don't
986 3706 110 38 think
1112 3706 13 36 I
1142 3706 54 35 do

268 3772 107 36 them
387 3769 104 43 well,
509 3769 79 36 and
606 3769 228 35 sometimes
852 3767 13 35 I
882 3764 112 38 think
1009 3764 14 35 I
1039 3764 65 36 do.
1121 3762 50 35 De-

268 3827 124 50 pends
408 3838 54 24 on
476 3825 132 36 which
624 3824 85 38 side
724 3822 43 38 of
781 3822 65 36 the
860 3820 77 38 bed
953 3820 13 36 I
981 3825 63 44 get
1060 3831 54 38 up
1131 3830 61 25 on.

326 3883 13 35 I
353 3883 76 35 like
443 3888 41 28 to
496 3880 54 36 do
564 3891 88 24 new
668 3879 143 49 things.
825 3879 31 35 It
869 3877 137 36 makes
1019 3888 80 36 you
1112 3874 63 36 vul-

269 3939 167 43 nerable,
454 3940 41 33 in
510 3937 65 36 the
591 3948 117 25 sense
723 3935 83 36 that
822 3934 30 36 if
866 3934 137 49 you're
1017 3931 178 49 working

1220 802 224 47 something
1458 811 68 36 up,
1539 809 43 25 as
1594 800 13 35 I
1620 809 118 36 guess
1753 797 13 35 I
1778 808 65 24 am
1855 795 76 35 this
1943 805 91 38 year
2046 792 99 36 with

1222 860 74 36 this
1309 869 137 25 course
1458 869 52 24 on
1521 854 131 52 public
1665 852 252 36 intellectuals
1929 854 38 33 in
1980 850 63 36 the
2054 849 93 36 20th

1222 915 191 49 Century,
1436 924 85 38 you
1545 912 115 36 don't
1683 910 123 36 know
1830 907 156 50 exactly
2008 906 139 36 where

1222 973 137 49 you're
1383 973 120 47 going
1523 969 77 38 and
1624 980 80 39 you
1724 967 112 36 don't
1858 967 115 35 know
1997 962 151 50 exactly

1222 1030 134 36 where
1376 1027 123 52 you'll
1520 1027 47 36 be
1589 1027 159 47 coming
1769 1027 80 39 out,
1871 1022 77 38 and
1970 1033 82 38 you
2069 1022 79 49 just

1224 1088 107 49 hope
1346 1087 63 36 the
1427 1085 87 36 kids
1532 1083 77 36 and
1627 1082 181 38 students
1824 1079 80 38 will
1918 1079 49 36 be
1983 1079 165 36 tolerant

1225 1143 157 49 enough
1395 1140 77 38 and
1487 1140 131 36 follow
1628 1151 80 38 you
1720 1139 126 47 along.
1858 1135 150 38 There's
2022 1148 49 24 an
2080 1134 68 36 old

1225 1203 148 47 saying:
1386 1211 79 38 you
1477 1197 142 39 should
1631 1198 88 47 give
1731 1208 20 24 a
1764 1206 134 25 course
1910 1194 104 36 three
2024 1194 124 35 times.

1225 1258 79 36 The
1321 1257 82 38 first
1419 1258 104 39 time,
1539 1266 80 39 you
1635 1254 110 36 don't
1761 1252 117 36 know
1894 1250 106 38 what
2014 1249 137 50 you're

1228 1315 132 50 doing;
1373 1313 65 36 the
1449 1312 145 38 second
1606 1313 104 39 time,
1721 1310 61 36 it's
1794 1309 191 41 first-rate;
1995 1306 79 38 and
2087 1306 65 36 the

1228 1372 102 38 third
1351 1373 104 39 time,
1476 1370 134 49 you're
1628 1367 98 36 tired
1746 1367 41 35 of
1805 1367 38 43 it,
1863 1365 77 36 and
1959 1364 93 36 then
2071 1375 82 36 you

1228 1428 143 38 should
1383 1427 54 36 do
1446 1427 220 47 something
1676 1425 88 36 else.
1773 1422 104 43 Well,
1887 1420 159 50 nobody
2057 1419 96 36 does

1230 1487 83 36 that
1323 1485 43 38 of
1375 1496 150 30 course,
1535 1483 71 36 but
1617 1493 61 25 we
1691 1480 54 36 do
1756 1479 101 36 have
1869 1483 38 31 to
1920 1479 98 47 keep
2030 1477 123 47 doing

1231 1542 241 49 something
1498 1540 209 36 different:
1735 1548 69 38 my
1830 1539 192 33 interests
2047 1534 106 36 have

1231 1600 145 36 shifted
1398 1603 38 31 to
1457 1594 313 41 environmental
1789 1594 150 47 history
1957 1591 79 36 and
2057 1592 80 35 criti-

1233 1661 107 38 cism;
1356 1658 14 35 I
1387 1668 65 25 see
1466 1655 76 36 this
1559 1666 41 24 as
1617 1658 79 31 sort
1712 1652 41 36 of
1767 1652 65 36 the
1846 1650 77 36 end
1939 1649 43 38 of
1994 1649 132 36 where
2142 1647 11 36 I

1235 1713 156 43 started,
1403 1712 132 36 which
1546 1723 83 24 was
1643 1712 41 35 in
1696 1709 63 36 the
1773 1707 88 36 19th
1874 1707 173 47 Century
2060 1704 93 36 with

1235 1784 20 25 a
1271 1772 181 38 different
1468 1769 94 36 kind
1578 1767 43 36 of
1635 1767 151 36 reform.

1235 1830 50 44 Q.
1304 1827 98 47 Why
1417 1825 200 49 teaching?
1638 1822 83 38 And
1739 1820 87 50 why
1843 1819 164 50 history?

1235 1888 46 35 A.
1299 1887 14 36 I
1331 1883 167 38 realized
1517 1882 49 38 all
1583 1882 43 36 of
1641 1894 19 24 a
1677 1879 159 38 sudden
1852 1879 82 36 that
1950 1879 106 35 what
2074 1877 13 35 I
2104 1888 38 24 re-

1236 1943 77 49 ally
1328 1953 83 25 was
1427 1939 208 38 interested
1652 1940 39 35 in
1706 1940 33 35 is
1754 1937 63 36 the
1833 1935 148 49 history
1995 1932 43 38 of
2052 1932 107 38 ideas

1238 2002 39 35 in
1299 2011 76 25 one
1398 1998 101 38 form
1521 2009 44 24 or
1586 1995 172 38 another.
1781 1994 13 36 I
1817 1992 167 38 decided
2006 1992 13 35 I
2043 1991 118 49 really

1238 2057 106 36 liked
1359 2055 154 49 history.
1531 2054 91 35 And
1638 2054 115 35 knew
1770 2063 20 24 a
1808 2049 94 38 little
1915 2049 57 36 bit
1987 2047 120 36 about
2121 2049 39 39 it,

1239 2113 79 38 and
1334 2112 159 38 wanted
1510 2117 41 31 to
1565 2110 112 38 work
1694 2112 38 33 in
1748 2109 83 36 that
1847 2106 93 38 field
1956 2106 79 36 and
2052 2106 110 35 write

1241 2175 39 33 in
1293 2175 36 33 it.
1345 2172 11 35 1
1370 2169 167 38 decided
1550 2169 14 35 I
1573 2167 159 36 wanted
1746 2170 39 31 to
1798 2164 110 38 teach
1920 2167 128 46 pretty
2057 2161 107 49 early

1241 2241 63 30 on,
1313 2228 178 41 because,
1504 2238 79 38 you
1594 2225 126 41 know,
1731 2224 82 36 that
1824 2220 66 38 old
1902 2219 107 52 sfeng,
2085 2230 80 39 you

1243 2287 99 36 can't
1362 2285 54 36 do
1435 2287 38 39 it,
1658 2282 11 35 I
1687 2282 79 49 just
1783 2282 124 33 invert
1921 2279 96 35 that:
2038 2276 30 38 if
2083 2288 82 36 you

1243 2343 102 36 can't
1365 2340 124 44 teach,
1513 2351 80 38 you
1613 2340 77 49 just
1712 2348 52 39 go
1784 2337 231 36 administer
2036 2345 104 25 some-

1243 2402 123 47 thing!
1387 2397 169 49 (laughs)
1576 2397 43 35 In
1636 2408 20 24 a
1676 2395 145 36 certain
1836 2403 124 31 sense,
1980 2392 186 35 adminis-

1759 2461 58 11 nrn
1836 2450 17 11 11
1874 2449 71 22 Kllf
1964 2460 38 11 tv\
2006 2458 44 13 oo
2052 2446 24 27 4-1
2083 2446 9 27 T
2101 2446 8 27 7
2128 2457 36 14 m

1246 2476 137 17 ucuuib
1402 2474 65 17 aic
1509 2474 117 16 laiicta
1649 2472 183 20 icav-ncio/
1877 2472 66 14 vui
1964 2468 139 28 iaivuuj'
2126 2471 41 11 ui

1244 2513 65 36 the
1324 2523 113 27 sense
1454 2512 82 36 that
1550 2509 181 49 teaching
1743 2507 71 36 has
1830 2506 117 38 failed
1962 2504 205 38 somehow

1246 2576 39 31 to
1299 2572 153 35 sustain
1466 2569 117 41 them,
1600 2567 77 36 and
1693 2567 93 47 they
1800 2569 106 31 want
1921 2567 38 33 to
1973 2562 54 36 do
2043 2573 101 25 some-

1246 2627 113 49 thing
1383 2627 91 41 else,
1496 2628 43 31 to
1557 2636 77 24 run
1655 2635 44 24 or
1721 2622 187 49 organize
1929 2619 238 47 something.

1660 2682 123 33 These
1800 2688 61 25 are
1877 2688 94 36 very
1987 2682 184 30 laudable

1660 2735 236 39 endeavors,
1918 2732 71 36 but
2011 2734 28 33 it
2060 2731 112 36 takes

1661 2792 112 36 them
1797 2795 74 31 out
1894 2789 43 38 of
1959 2789 66 36 the
2050 2787 102 36 class-

1663 2861 120 24 room.
1795 2847 126 36 When
1931 2846 90 50 they
2031 2849 65 46 get
2104 2849 69 31 out

1663 2906 43 38 of
1721 2906 65 36 the
1806 2906 222 39 classroom,
2047 2906 69 33 out
2134 2901 43 36 of

1665 2967 153 31 contact
1830 2959 96 38 with
1940 2959 63 36 the
2017 2969 157 39 process

1666 3019 46 36 of
1748 3017 214 49 teaching,
2000 3017 14 35 I
2054 3014 123 36 think

1668 3076 142 49 they're
1822 3071 246 52 disqualified
2079 3071 99 36 from

1669 3134 142 49 trying
1838 3137 43 30 to
1906 3131 131 49 judge
2061 3128 117 38 what

1669 3189 198 47 teaching
1894 3189 33 35 is
1956 3186 80 36 and
2065 3184 113 36 isn't.

1669 3246 142 38 That's
1838 3257 20 24 a
1885 3249 145 44 strong
2055 3246 104 33 state-

1671 3307 118 38 ment,
1811 3301 79 36 and
1912 3301 11 35 I
1946 3301 117 35 know
2087 3310 19 24 a
2128 3298 52 36 lot

1671 3359 44 36 of
1739 3357 334 36 administrators
2096 3354 83 36 will

1260 3425 63 46 get
1337 3419 98 36 their
1447 3419 118 35 backs
1580 3428 55 38 up
1650 3416 118 38 about
1783 3417 36 33 it.
1835 3414 63 36 It's
1913 3417 35 31 at
1962 3413 94 36 least
2071 3422 88 38 argu-

1260 3479 96 35 able.

1320 3534 194 49 Anyway,
1539 3531 13 36 I
1575 3529 173 38 decided
1773 3529 11 35 I
1808 3526 162 36 wanted
1994 3531 41 30 to
2058 3524 126 43 teach,

1261 3589 191 50 probably
1460 3589 165 36 because
1638 3587 13 35 I
1661 3584 175 38 couldn't
1847 3584 54 35 do
1912 3583 186 49 anything
2109 3581 77 38 else

1265 3646 184 50 (laughs),
1460 3644 72 36 but
1546 3644 11 35 I
1573 3655 98 24 soon
1687 3641 123 38 found
1825 3644 71 33 out
1907 3639 82 36 that
2000 3639 14 35 I
2028 3636 104 38 liked
2148 3639 36 39 it,

1263 3715 83 25 was
1357 3701 230 49 reasonably
1600 3699 104 49 good
1717 3704 38 31 at
1765 3701 35 33 it.
1814 3698 30 35 It
1854 3696 140 36 wasn't
2005 3707 49 24 an
2065 3694 102 36 earth-

1265 3759 169 49 shaking
1452 3757 187 41 decision;
1658 3757 13 35 I
1688 3757 79 47 just
1786 3757 79 33 sort
1885 3753 41 36 of
1943 3751 143 38 drifted
2107 3750 80 36 that

1265 3828 94 36 way.

1266 3874 49 43 Q.
1339 3874 98 33 How
1454 3869 65 36 did
1539 3868 159 49 specific
1717 3866 250 47 experiences
1983 3861 94 38 with
2096 3874 91 38 your

1268 3940 88 25 own
1378 3926 180 38 teachers
1581 3923 74 39 and
1680 3923 216 49 professors
1918 3920 110 38 make
2052 3931 47 27 an
2124 3920 63 36 im-

2222 1419 90 44 pact
2329 1425 50 25 on
2398 1424 98 38 your
2513 1409 107 38 ideas
2636 1409 43 38 of
2693 1409 203 49 teaching?

2222 1472 46 35 A.
2283 1471 132 36 That's
2430 1471 28 35 it
2534 1468 66 38 the
2616 1468 112 49 thing
2742 1466 121 38 about
2877 1463 181 50 teaching
3072 1474 49 25 an

2222 1529 93 36 how
2328 1532 41 31 to
2378 1526 123 50 judge
2513 1524 107 50 good
2635 1524 191 49 teaching,
2839 1532 128 27 seems
2980 1526 39 31 to
3031 1531 76 33 me,
3120 1521 2 55 i

2224 1584 88 36 this:
2331 1584 94 36 what
2447 1583 54 36 do
2520 1594 80 39 you
2620 1581 118 38 know
2761 1580 120 38 about
2899 1576 107 52 good
3025 1575 77 39 lead-

2225 1644 79 47 ing,
2315 1641 79 38 and
2406 1639 101 38 when
2521 1639 54 38 do
2586 1652 82 36 you
2677 1638 121 38 know
2809 1638 49 36 it?
2869 1636 63 36 Do
2942 1647 82 38 you
3035 1635 87 36 kno\

2224 1699 109 36 what
2348 1710 22 24 a
2386 1696 109 52 good
2512 1696 154 36 teacher
2682 1696 33 35 is
2731 1694 120 36 when
2865 1706 82 38 you
2962 1696 63 46 get
3043 1702 50 25 an
3106 1691 16 36 /

2225 1769 44 25 or
2283 1756 120 36 when
2417 1767 82 38 you
2513 1767 93 36 pass
2622 1765 50 25 an
2687 1753 277 39 examination,
2978 1761 46 25 or
3035 1748 87 36 whe

2225 1825 82 38 you
2318 1814 90 47 give
2419 1824 22 25 a
2452 1809 107 52 good
2572 1809 154 44 lecture,
2739 1820 44 25 or
2791 1808 121 36 when
2921 1819 80 38 you
3013 1805 109 50 gradi

2227 1876 61 31 ate
2304 1871 98 35 with
2417 1869 148 36 honors
2643 1869 14 35 I
2674 1879 128 30 mean,
2817 1865 94 38 how
2929 1863 65 38 the
3008 1861 79 38 hell
3102 1861 19 36 d

2227 1940 82 38 you
2324 1926 143 38 know?
2482 1924 83 38 You
2583 1924 102 36 have
2701 1923 183 36 different
2899 1923 161 35 criteria.
3077 1918 44 38 Th

2227 1984 112 38 older
2350 1995 82 39 you
2443 1987 76 46 get,
2529 1981 192 50 probably
2731 1980 66 38 the
2808 1991 109 27 more
2926 1978 195 49 permissiv

2228 2054 83 38 you
2321 2041 176 41 become,
2512 2038 79 38 and
2605 2038 66 38 the
2683 2049 110 25 more
2806 2047 80 39 you
2899 2035 142 36 realize
3052 2033 69 38 thei

2230 2102 31 33 is
2277 2112 22 24 a
2312 2098 107 38 wide
2435 2109 120 38 range
2569 2096 41 36 of
2624 2096 178 36 effective
2816 2093 184 43 teachers,
3016 2102 106 38 peop

2230 2169 83 38 you
2334 2156 131 36 didn't
2487 2153 238 49 necessarily
2745 2151 77 36 like
2843 2156 38 31 at
2902 2148 66 38 the
2989 2150 107 43 time,
3115 2148 6 58 <

2233 2214 91 49 they
2340 2224 106 25 were
2463 2217 68 31 too
2548 2209 247 50 demanding
2811 2219 46 25 or
2871 2206 208 38 whatever.
3096 2205 25 38 A

2233 2271 123 36 kinds
2380 2269 46 36 of
2447 2268 195 38 different
2663 2265 154 52 people
2839 2276 76 27 can
2939 2261 117 38 teach
3077 2272 44 39 yc

2233 2328 142 49 things.

2294 2386 71 35 But
2383 2384 162 47 looking
2559 2381 112 43 back,
2687 2380 113 50 yeah,
2817 2380 79 36 I've
2913 2383 66 44 got
2995 2375 126 38 model

2235 2443 52 36 At
2304 2441 203 43 Bowdoin,
2524 2439 14 36 I
2554 2438 80 38 had
2652 2450 20 25 a
2688 2436 187 52 splendid
2891 2433 230 50 undergradi

2236 2504 60 31 ate
2304 2498 209 36 American
2521 2496 148 49 history
2680 2494 151 36 teacher
2841 2490 145 39 named
2997 2490 124 38 Edwai

2236 2557 43 35 C.
2302 2553 202 44 Kirkland,
2524 2553 94 36 who
2638 2564 83 25 was
2743 2564 20 24 a
2784 2550 98 38 kind
2902 2548 43 38 of
2962 2557 159 27 econom

2236 2613 187 36 historian
2435 2613 38 33 in
2483 2609 65 36 the
2557 2609 142 43 forties,
2709 2619 94 38 very
2813 2605 265 41 ’well-known,
3088 2616 33 24 ar

2236 2680 98 38 very
2351 2668 118 50 good.
2488 2668 61 36 He
2565 2666 80 36 had
2665 2677 22 25 a
2704 2665 106 49 good
2828 2674 115 25 sense
2959 2661 43 36 of
3016 2661 106 35 Amei

2239 2737 71 25 can
2321 2724 146 36 culture
2477 2734 43 25 as
2529 2723 90 35 well
2630 2732 41 25 as
2682 2721 65 36 the
2757 2721 205 36 American
2970 2728 151 27 econorr

2241 2784 61 35 He
2318 2792 83 27 was
2417 2783 79 47 just
2513 2778 145 50 superb
2739 2778 52 36 he
2806 2775 80 38 had
2904 2787 22 24 a
2942 2773 180 38 wonderf

2241 2850 113 25 sense
2364 2836 43 38 of
2414 2836 151 43 humor,
2578 2836 76 36 and
2666 2835 65 36 the
2742 2833 94 38 kind
2847 2831 43 38 of
2898 2831 134 38 silliest
3041 2831 80 47 gigg

2243 2896 82 36 that
2343 2896 50 35 he
2413 2893 246 50 punctuated
2677 2891 61 36 his
2757 2888 233 39 wisecracks
3009 2887 80 38 and
3109 2888 13 35 I

2243 2951 175 38 remarks
2435 2950 107 36 with.
2561 2948 98 36 That
2677 2959 79 39 guy
2773 2948 16 36 I
2808 2943 178 41 admired
3003 2943 118 38 becau

2243 3009 52 35 he
2313 3019 85 25 was
2419 3006 87 38 able
2528 3011 39 31 to
2587 3017 154 38 purvey
2762 3003 257 38 enthusiasm.
3041 3000 80 36 Tha

2244 3065 83 38 half
2339 3065 44 38 of
2394 3063 194 50 teaching,
2602 3068 41 31 to
2655 3072 154 39 purvey
2822 3058 257 38 enthusiasm.
3093 3057 28 36 T

2246 3123 112 36 other
2373 3121 85 36 half
2474 3123 31 35 is
2524 3120 118 50 good,
2661 3118 98 38 hard
2778 3115 143 39 critical
2939 3113 172 50 analysis

2247 3178 79 38 and
2342 3178 117 36 that's
2472 3176 99 36 hard
2587 3181 39 31 to
2643 3175 61 36 do.

2306 3236 52 36 At
2369 3235 187 50 graduate
2565 3233 135 38 school
2712 3236 36 33 at
2757 3230 208 39 Columbia
2976 3230 41 35 in
3027 3227 66 38 the
3102 3227 19 36 1;

2250 3294 126 39 19405,
2398 3293 13 35 I
2435 3290 148 50 greatly
2603 3288 181 38 admired
2806 3299 20 25 a
2849 3285 228 50 sociologist
3096 3296 25 25 ai

2250 3348 183 52 political
2457 3348 172 36 theorist
2649 3346 55 49 by
2728 3345 69 36 the
2819 3354 121 25 name
2964 3342 44 38 of
3028 3340 93 38 Robi

2250 3406 192 39 McKiver,
2458 3416 19 24 a
2491 3402 246 43 Scotchman,
2750 3402 93 35 who
2855 3409 83 27 was
2953 3409 20 27 a
2989 3398 132 38 fixture

2252 3461 220 38 Columbia.
2488 3461 61 35 He
2562 3471 83 25 was
2660 3471 20 25 a
2693 3458 172 38 brilliant
2937 3461 69 31 not
3016 3457 77 49 just
3106 3454 16 36 1<

2252 3524 113 36 turer,
2376 3518 72 36 but
2463 3515 146 44 teacher,
2625 3518 41 33 in
2679 3515 66 36 the
2757 3524 113 27 sense
2885 3513 83 36 that
2981 3512 50 36 he
3044 3523 77 38 gavi

2254 3586 137 27 course
2405 3575 82 36 that
2499 3578 107 31 must
2617 3573 104 36 have
2732 3572 79 38 had
2825 3572 71 36 250
2909 3569 90 38 kids
3009 3570 43 35 in
3063 3569 41 43 it,
3115 3569 6 44 s

2255 3635 83 46 ting
2356 3635 39 33 in
2411 3630 77 38 this
2504 3630 69 49 big
2589 3628 90 38 well
2696 3627 43 38 of
2756 3639 19 25 a
2794 3627 145 38 lecture
2954 3625 90 43 hall,
3061 3636 60 25 me

2255 3691 69 47 ing
2346 3688 96 49 only
2463 3698 101 25 once
2587 3698 20 25 a
2628 3685 117 38 week
2765 3685 60 36 for
2849 3688 82 31 two
2953 3682 82 38 and
3057 3694 20 25 a
3099 3680 22 38 h

2255 3746 132 36 hours.
2408 3743 106 36 He'd
2532 3743 145 36 lecture
2696 3742 60 36 for
2775 3740 121 38 about
2913 3750 52 25 an
2983 3739 104 36 hour
3104 3739 17 36 f!

2258 3802 77 36 and
2350 3802 96 36 then
2458 3800 104 36 we'd
2578 3800 88 36 take
2680 3809 20 27 a
2715 3803 66 33 ten
2795 3800 153 35 minute
2957 3795 132 44 break,
3104 3806 17 25 a

2260 3887 282 47 INTERVIEW
2562 3887 63 44 BY
2643 3883 250 47 MICHAEL
2912 3882 214 49 PALMER

298 2756 96 41 First
411 2757 104 39 Year
531 2757 47 36 at
595 2756 161 36 Brown:
778 2751 126 46 1961.

298 2819 255 43 Education:
572 2817 208 41 Bowdoin
798 2816 170 47 College
991 2814 113 47 (BA),
1123 2809 216 43 Columbia
1359 2806 220 47 University

301 2888 128 47 (MA),
447 2887 148 39 Brown
617 2883 140 47 (PhD).

298 2951 146 41 Works
461 2948 255 41 Published:
735 2946 153 39 edited
906 2945 216 39 Abraham
1139 2940 165 41 Lincoln
1321 2939 91 39 and
1428 2939 74 38 the

301 3016 220 41 American
540 3013 183 41 Political
740 3009 205 41 Tradition
961 3009 170 46 (1986).

302 3083 186 39 Courses
506 3079 157 49 taught
685 3077 194 39 1995-96
896 3071 227 43 academic
1139 3079 115 41 year:

302 3146 219 39 American
542 3142 255 43 Intellectual
817 3140 169 47 History,
1008 3135 252 41 1660-1780

302 3213 80 38 The
400 3209 222 41 American
643 3208 139 38 Public
800 3203 252 41 Intellectual
1074 3202 38 39 in
1129 3202 76 39 the
1224 3200 106 39 20th
1346 3200 180 44 Century

304 3276 219 39 American
543 3271 255 43 Intellectual
819 3271 161 44 History
1000 3268 313 47 1880-present

2699 1326 151 28 PHOTOS
2868 1326 43 27 BY
2923 1323 91 30 ROSS
3028 1323 93 28 KRIBB

1775 3983 124 72 22
