3126 4141
52 68 195 46 process/'
263 68 85 36 said
367 68 131 36 Elaine
515 69 142 43 Bearer,
674 71 183 33 assistant
874 69 198 49 professor
1088 71 43 35 of
1146 72 66 33 Bio
1230 71 165 36 Medical
1413 74 44 35 Pa-

52 121 169 50 thology.

110 180 72 36 For
194 180 112 36 those
318 180 146 49 faculty
477 181 197 36 members
685 183 94 35 who
794 194 61 24 are
866 187 69 30 not
948 183 208 36 interested
1170 186 39 33 in
1222 184 206 50 partaking
1439 187 38 33 in

52 246 50 24 an
118 235 191 36 overhaul
326 235 43 38 of
381 236 101 36 their
498 236 192 50 teaching,
706 238 72 36 but
794 250 63 24 are
874 239 161 49 looking
1052 239 58 36 for
1126 252 112 24 some
1254 243 224 35 innovative

52 291 109 36 ideas
176 296 38 31 to
228 294 107 47 spice
348 306 55 36 up
416 294 101 35 their
529 294 162 35 lectures
707 294 79 35 and
798 307 222 38 encourage
1033 309 110 24 more
1156 296 159 36 student
1328 301 132 46 partici-

50 350 148 47 pation,
213 348 66 36 the
291 348 135 36 CACT
439 350 148 36 houses
602 362 49 24 an
665 354 198 33 extensive
877 353 205 36 collection
1094 353 43 36 of
1150 354 178 47 teaching
1342 365 109 25 manu-

52 405 57 36 als
120 417 54 24 on
186 408 123 46 topics
323 408 167 49 ranging
502 408 102 35 from
616 408 93 35 how
721 413 39 31 to
772 408 151 36 outline
935 420 19 24 a
969 422 139 24 course
1118 409 77 36 and
1211 413 109 33 write
1334 424 19 22 a
1365 411 94 49 sylla-

50 460 87 44 bus,
156 466 39 31 to
213 461 91 36 how
323 468 39 31 to
380 468 65 44 get
461 463 181 38 students
661 465 186 36 involved
866 468 41 33 in
924 477 19 25 a
962 466 356 49 large-enrollment
1335 468 142 36 lecture

50 529 150 27 course.
214 520 80 36 The
307 524 131 31 center
461 521 120 35 offers
595 521 145 36 annual
754 521 191 38 Sheridan
961 526 200 39 seminars,
1187 537 19 22 a
1222 528 117 33 series
1353 524 43 36 of
1406 526 54 35 lec-

50 580 106 31 tures
170 587 54 24 on
238 575 150 50 college
402 578 192 49 teaching.

498 635 263 49 Developing
778 636 35 35 A
830 636 203 47 Dialogue

109 688 80 36 The
209 690 145 36 Center
378 691 83 36 also
482 691 134 36 works
639 696 39 31 to
699 704 115 36 spare
838 693 183 36 students
1043 694 104 35 from
1169 694 63 35 the
1254 694 220 49 proverbial

50 746 189 49 graduate
249 748 63 35 TA
320 748 93 35 who
425 748 140 36 knows
578 748 165 50 nothing
753 748 121 38 about
885 750 63 36 the
961 750 145 50 subject
1118 764 85 24 area
1216 753 39 35 in
1265 751 65 36 the
1340 765 135 24 course

50 802 60 36 for
123 802 132 36 which
266 803 50 36 he
329 816 44 24 or
386 805 69 36 she
468 805 110 36 leads
594 817 19 24 a
627 808 159 33 section.
926 808 43 35 of
980 808 65 35 the
1057 808 131 49 things
1203 808 118 35 about
1335 808 118 49 gradu-

50 863 61 31 ate
128 860 82 35 TAs
227 861 31 35 is
276 860 83 36 that
375 860 91 50 they
482 861 104 36 need
603 868 38 30 to
658 861 101 36 have
776 863 98 36 their
891 863 211 36 education
1120 865 162 43 funded,
1299 866 71 35 but
1387 866 88 47 they

49 915 79 36 end
151 929 54 36 up
225 917 120 49 being
367 918 186 47 assigned
575 923 38 31 to
635 929 170 31 courses,
825 920 54 49 by
899 931 52 25 no
973 920 96 36 fault
1091 921 41 35 of
1153 921 96 35 their
1269 932 104 31 own,
1395 921 80 36 that

50 973 148 49 they're
217 978 69 31 not
306 980 134 44 expert
460 976 49 33 in.
532 975 72 36 But
622 975 107 36 there
750 987 63 24 are
831 976 131 49 things
984 976 91 49 they
1096 991 71 22 can
1186 978 47 36 be
1254 978 123 49 doing
1395 980 80 36 that

50 1030 208 36 transcend
280 1030 65 36 the
367 1031 186 36 material.
573 1033 83 35 You
676 1044 72 24 can
770 1033 118 47 profit
909 1033 101 36 from
1028 1035 118 49 being
1169 1046 19 24 a
1209 1035 206 49 generalist
1436 1038 38 31 in

50 1090 120 31 terms
186 1087 41 36 of
239 1099 101 38 your
587 1090 112 35 More
715 1090 96 35 said.

109 1143 112 36 More
239 1143 87 38 said
343 1145 69 36 she
431 1156 87 25 sees
539 1145 65 38 the
622 1146 132 36 CACT
773 1146 162 49 playing
954 1159 50 24 an
1024 1150 214 47 important
1257 1148 79 36 role
1353 1151 39 33 in
1411 1148 63 36 the

50 1200 211 36 formation
274 1200 43 36 of
326 1213 20 24 a
359 1206 143 31 stream
515 1202 43 38 of
569 1202 184 50 dialogue
765 1203 120 36 about
898 1205 181 49 teaching
1090 1209 36 31 at
1140 1206 148 35 Brown.

49 1257 213 38 education
279 1260 31 35 is
329 1260 41 35 in
387 1269 20 25 a
427 1263 99 31 state
543 1260 43 35 of
602 1260 159 35 turmoil

50 1313 77 36 and
150 1315 31 36 is
202 1317 131 49 trying
351 1321 41 31 to
413 1315 52 38 do
485 1329 112 24 some
617 1320 120 33 exami-

235 1372 71 36 she
320 1373 96 35 said.
594 1386 63 24 are
671 1386 20 24 a
707 1373 54 36 lot

49 1427 43 38 of
99 1428 142 49 people
252 1428 137 50 asking
402 1443 20 24 a
433 1430 54 36 lot
499 1430 41 36 of
550 1433 208 46 questions.

49 1485 65 36 It's
126 1490 87 44 part
225 1485 44 36 of
280 1498 50 24 an
343 1488 192 49 on-going
550 1499 157 38 process
720 1487 43 38 of

49 1542 369 39 self-examination.
441 1545 110 49 High
570 1545 137 36 school
728 1548 33 35 is

49 1598 191 50 designed
252 1605 39 30 to
304 1600 110 36 teach
425 1600 180 38 students
616 1602 93 36 how
720 1606 41 31 to

49 1660 65 44 get
132 1655 65 38 the
214 1657 157 49 highest
389 1669 110 25 score
517 1658 173 49 possible
709 1669 52 25 on

47 1712 68 36 the
135 1712 117 38 SATs.
276 1713 106 36 How
405 1713 94 50 they
520 1715 110 36 learn
650 1715 110 36 often

47 1773 88 46 gets
157 1770 77 38 lost
257 1773 43 33 in
320 1772 68 36 the
408 1772 162 36 shuffle.
595 1773 165 49 College

47 1838 83 24 was
153 1825 146 50 always
323 1839 49 24 an
392 1830 205 35 extension
617 1828 41 36 of
679 1828 82 36 that

47 1894 176 38 process.
249 1885 76 36 But
346 1885 14 36 I
383 1885 117 36 think
523 1887 148 49 people
694 1898 65 24 are

47 1939 180 52 thinking
238 1953 107 24 more
357 1940 120 38 about
487 1942 109 36 what
605 1942 65 36 the
680 1943 80 36 role

47 1997 44 36 of
99 1997 66 38 the
176 1998 154 36 teacher
342 2009 43 25 as
395 2000 235 49 gatekeeper
641 2002 41 33 in
693 2000 66 36 the

47 2052 227 52 disciplines

106 2112 112 36 More
239 2112 79 36 and
340 2112 65 38 the
425 2113 135 36 CACT
581 2113 93 36 staff
691 2126 44 25 en-

47 2180 169 38 courage
230 2169 219 49 professors
465 2170 79 36 and
559 2170 198 38 academic

47 2225 279 49 departments
351 2228 41 33 in
414 2227 164 50 general
602 2231 39 31 to
665 2239 71 24 con-

47 2280 104 38 sider
161 2280 107 38 what
279 2282 68 38 lies
356 2282 150 38 behind
517 2283 65 36 the
592 2283 148 38 intellec-

47 2339 80 35 tual
151 2343 110 44 gates
283 2339 94 50 they
398 2353 65 24 are
485 2340 198 50 guarding
704 2340 55 50 by

46 2394 173 50 helping
241 2395 113 36 them
378 2397 222 36 formulate
624 2398 107 36 work-

47 2452 123 50 shops
183 2452 83 36 that
282 2452 162 38 address
460 2454 180 50 teaching
655 2455 82 36 tech-

46 2510 139 47 nique,
206 2509 230 50 pedagogy,
461 2512 82 36 and
569 2512 189 49 teaching

47 2565 153 50 quality.
213 2565 79 36 The
302 2567 238 50 workshops
553 2569 82 36 also
646 2581 112 24 serve

46 2625 44 33 to
161 2622 202 38 evaluate
436 2625 71 35 the
578 2627 178 33 various

46 2677 266 52 gatekeepers,
328 2693 43 24 as
383 2680 102 36 well.

387 2748 99 33 now,
499 2739 137 35 there's
647 2750 109 24 more

46 2794 191 35 attention
255 2794 94 49 paid
373 2794 54 46 [to
447 2795 181 49 teaching
647 2795 88 49 qual-

172 2850 87 36 said
277 2850 205 36 Associate
499 2852 113 35 Dean
630 2852 44 35 of
691 2852 66 36 the

46 2904 159 52 College
216 2906 79 38 and
309 2907 143 38 former
465 2909 165 36 director
639 2909 43 36 of
691 2909 65 36 the

46 2962 132 38 CACT
191 2964 143 36 Robert
343 2964 121 36 Shaw.
732 2978 63 24 are
806 2967 260 50 occasionally
1077 2967 167 38 referred
1257 2973 38 31 to
1307 2969 63 36 the
1381 2981 65 24 cen-

46 3024 63 33 ter.
123 3020 44 35 In
178 3025 104 31 most
294 3020 283 49 departments,
591 3022 107 38 there
710 3035 63 25 are
786 3024 263 36 mechanisms
1061 3025 132 35 where
1205 3036 20 24 a
1239 3027 129 35 senior
1380 3038 66 38 pro-

46 3076 124 36 fessor
183 3077 134 35 works
328 3077 98 36 with
439 3090 20 24 a
472 3079 131 49 junior
614 3079 206 49 professor.
836 3080 63 36 It's
913 3080 145 49 largely
1071 3080 194 44 informal,
1279 3082 69 36 but
1362 3082 104 36 there

46 3143 63 25 are
126 3145 20 24 a
162 3134 170 36 number
348 3134 43 36 of
405 3139 131 33 routes
553 3135 91 49 they
660 3148 72 24 can
748 3137 99 36 take.
865 3137 115 36 Some
995 3139 269 47 departments
1282 3151 61 22 are
1361 3151 106 24 more

46 3191 209 35 interested
276 3191 96 35 than
391 3191 134 36 others
545 3194 39 33 in
605 3191 162 52 looking
786 3192 61 36 for
866 3192 65 38 the
1139 3195 153 36 Several
1315 3195 131 49 depart-

46 3250 128 31 ments
194 3246 102 38 have
317 3247 224 49 developed
562 3249 98 36 their
680 3260 93 25 own
794 3252 170 35 seminar
983 3263 216 36 programs.
1220 3252 79 35 The
1318 3252 148 49 history

46 3301 261 50 department,
320 3304 41 35 in
372 3304 219 49 particular,
603 3304 118 38 offers
735 3318 20 22 a
769 3306 202 50 year-long
983 3320 187 36 program
1180 3307 43 36 of
1231 3309 235 49 workshops

46 3370 52 24 on
110 3359 260 49 pedagogical
386 3364 126 46 topics
526 3364 165 47 ranging
706 3362 102 36 from
822 3364 148 47 gender
984 3365 124 35 issues
1124 3365 38 35 in
1176 3365 65 35 the
1255 3365 211 35 classroom

46 3417 38 33 to
99 3414 178 50 grading.

480 3474 324 36 Cross-Cultural
820 3476 271 35 Connections

102 3526 176 38 Brown's
293 3529 161 36 interest
468 3529 41 36 in
524 3531 211 49 preparing
751 3531 46 35 its
814 3529 173 38 teachers
1003 3531 60 36 for
1077 3531 66 36 the
1157 3534 123 49 rigors
1296 3532 44 36 of
1353 3534 94 36 class-

44 3592 113 25 room
167 3584 230 36 instruction
408 3597 101 24 even
520 3586 162 36 extends
693 3591 41 31 to
743 3587 156 36 tutorial
909 3600 206 36 programs
1126 3589 58 36 for
1195 3591 269 35 international

44 3638 192 49 graduate
252 3639 93 38 TAs.
364 3641 80 36 The
460 3641 145 36 Center
620 3643 60 35 for
698 3643 211 50 Language
923 3643 156 38 Studies
1096 3644 118 38 offers
1231 3657 20 25 a
1269 3658 195 36 program,

44 3694 156 36 headed
217 3694 55 50 by
291 3696 165 38 Barbara
474 3698 99 43 Elas,
592 3698 82 38 that
691 3699 156 36 teaches
866 3701 159 47 English
1044 3704 39 33 in
1102 3702 66 36 the
1186 3707 154 31 context
1357 3704 41 35 of
1416 3715 49 24 an

44 3750 209 38 American
265 3751 225 38 classroom.
570 3754 55 36 lot
636 3754 43 36 of
688 3756 124 43 times,
822 3756 230 36 Americans
1063 3762 98 31 state
1172 3761 213 46 questions,
1395 3759 69 36 but

44 3806 93 49 they
153 3806 112 36 don't
282 3820 72 24 use
370 3820 20 24 a
409 3813 186 46 question
611 3809 102 36 form
726 3811 74 36 but
816 3825 22 24 a
857 3814 120 47 rising
1265 3816 85 36 Elas
1369 3817 94 35 said.

38 3861 263 46 /Sometimes
313 3865 65 36 the
391 3865 79 36 line
482 3868 33 35 is
526 3866 120 49 really
657 3866 79 38 fine
750 3868 121 36 about
880 3869 118 35 when
1011 3871 28 33 it
1050 3871 31 35 is
1094 3869 150 36 culture
1257 3871 77 36 and
1346 3871 118 36 when

43 3920 30 36 it
83 3921 35 35 is
132 3929 22 27 a
169 3921 183 49 teaching

1605 74 77 36 The
1699 76 224 47 University
1937 76 71 36 has
2025 77 83 35 also
2124 79 206 35 examined
2348 79 93 36 how
2458 82 49 35 its
2524 80 180 49 teaching
2720 85 165 46 impacts
2901 83 66 38 the

1546 129 213 36 classroom
1776 134 246 46 experiences
2041 132 43 35 of
2099 145 161 25 women
2279 135 79 35 and
2376 135 181 38 students
2576 137 43 36 of
2635 139 112 35 color.
2764 139 203 38 Associate

1548 187 109 35 Dean
1672 187 41 35 of
1726 187 63 36 the
1803 187 159 49 College
1978 191 129 35 David
2123 191 146 49 Targan
2283 191 77 36 and
2378 192 209 38 Catherine
2603 194 175 38 Dawson
2792 195 58 36 '94
2865 195 101 39 have

1545 243 99 35 been
1657 244 117 49 using
1786 243 169 50 funding
1969 244 101 36 from
2082 246 66 36 the
2157 246 135 38 Alfred
2309 247 30 36 P.
2354 247 117 38 Sloan
2483 250 249 36 Foundation
2743 255 41 31 to
2795 252 175 41 conduct,

1545 299 233 49 workshops
1795 301 140 36 within
1953 302 107 36 math
2077 304 79 35 and
2175 306 151 35 science
2342 304 271 50 departments
2630 312 39 31 to
2687 307 115 38 make
2817 309 128 49 profes-

1545 367 83 24 sors
1649 369 109 22 more
1778 369 126 24 aware
1924 357 43 35 of
1984 357 91 36 how
2098 364 38 30 to
2157 359 162 38 address
2340 361 65 36 the
2424 362 124 36 needs
2569 362 43 36 of
2628 364 109 36 these
2757 375 148 39 groups
2924 365 43 36 of

1545 413 189 35 students.

1721 482 173 38 purpose
1910 472 33 35 is
1961 476 38 31 to
2016 477 126 31 create
2159 485 19 24 a
2197 485 107 25 more
2321 474 192 38 inclusive
2529 477 151 35 science
2696 477 213 38 classroom
2924 480 39 35 in

1545 531 117 31 terms
1682 528 41 36 of
1739 528 378 49 underrepresented
2135 542 159 39 groups,
2313 531 98 36 such
2430 545 39 24 as
2488 545 161 25 women
2666 534 79 38 and
2762 535 145 49 people
2923 535 43 38 of

1699 584 173 36 Dawson
1888 584 96 36 said.
2123 586 162 38 reforms
2301 589 82 35 will
2398 589 49 36 be
2465 600 109 25 more
2589 592 195 49 receptive
2798 595 41 33 to
2855 591 109 39 these

1778 643 79 35 The
1877 647 112 44 grant
2009 644 30 35 is
2063 643 82 36 also
2165 644 99 36 used
2285 650 41 30 to
2345 657 172 38 sponsor
2535 647 146 49 faculty
2701 649 161 38 dinners
2880 649 83 38 that

1545 696 146 36 feature
1706 698 183 49 speakers
1902 698 93 36 who
2011 699 153 36 discuss
2180 701 181 49 teaching
2375 704 124 35 issues
2517 704 39 35 in
2570 704 110 35 math
2694 704 79 36 and
2787 707 161 35 science.

1602 754 143 47 Targan
1759 754 85 36 said
1860 754 80 36 that
1954 756 66 35 the
2035 757 170 35 sciences
2220 759 151 49 require
2387 757 183 38 different
2584 761 184 38 methods
2781 761 44 38 of
2836 762 106 38 teach-

1543 811 66 47 ing
1624 809 94 36 than
1734 809 61 36 the
1811 811 249 43 humanities,
2077 813 79 36 and
2172 814 76 36 this
2263 814 230 50 dichotomy
2509 820 106 31 must
2628 817 49 35 be
2691 817 217 36 addressed
2921 820 41 35 in

1543 868 153 36 teacher
1709 869 176 47 training.
1902 869 184 47 "They're
2099 869 183 36 different
2294 872 41 33 in
2348 871 65 36 the
2427 883 115 25 sense
2554 874 82 35 that
2649 876 41 35 in
2702 874 66 36 the
2780 877 181 43 sciences,

1543 935 93 36 very
1650 923 118 43 often,
1783 924 106 36 there
1901 926 33 35 is
1948 937 20 24 a
1984 929 143 33 correct
2342 928 49 36 he
2405 929 94 36 said.
2518 929 87 36 "It's
2619 934 68 31 not
2698 931 79 49 just
2787 942 22 25 a
2822 935 140 33 matter

1543 980 43 36 of
1598 983 173 46 opinion.
1791 981 115 36 What
1921 981 71 36 has
2009 983 213 49 happened
2239 986 33 35 is
2290 984 82 36 that
2389 984 76 38 this
2482 986 107 36 there
2606 986 115 38 tends
2739 991 39 33 to
2794 987 49 38 be
2858 992 82 33 stan-

1543 1036 96 36 dard
1655 1036 202 36 textbooks
1869 1039 39 33 in
1920 1039 159 47 specific
2091 1039 126 36 fields.
2230 1041 156 36 There's
2398 1054 22 24 a
2433 1043 55 35 lot
2499 1043 44 35 of
2553 1049 225 43 agreement
2787 1043 83 38 that
2880 1057 80 38 you

1543 1093 142 36 should
1699 1106 113 24 cover
1825 1096 145 35 certain
1981 1098 126 47 topics
2120 1098 41 33 in
2172 1099 145 33 certain
2328 1098 146 38 orders.
2490 1099 11 35 I
2515 1099 112 36 think
2638 1099 167 38 because
2816 1101 44 36 of
2868 1101 93 44 that,

1543 1151 27 33 it
1589 1162 93 38 may
1702 1150 90 36 lend
1813 1151 106 36 itself
1935 1156 41 31 to
1995 1164 22 24 a
2039 1165 90 35 way
2150 1153 41 36 of
2211 1154 180 49 teaching
2411 1154 82 36 that
2515 1157 31 33 is
2569 1167 19 24 a
2609 1156 187 38 standard
2819 1156 142 39 lecture

1543 1208 153 43 model.,
1709 1208 79 35 and
1798 1208 82 36 that
1891 1208 132 36 model
2035 1209 134 36 works
2180 1209 60 36 for
2249 1222 22 25 a
2282 1209 55 38 lot
2348 1211 43 36 of
2398 1213 154 49 people,
2565 1213 72 38 but
2647 1216 27 35 it
2685 1213 154 39 doesn't
2849 1214 112 38 work

2283 1274 61 30 for
2369 1274 243 46 everybody.
2636 1274 43 31 In
2702 1274 91 39 fact,
2816 1274 30 33 it
2866 1283 94 38 may

2282 1324 96 50 only
2387 1326 113 36 work
2512 1326 60 38 for
2584 1339 20 25 a
2617 1328 113 36 small
2742 1328 169 38 number
2920 1329 43 36 of

2408 1441 244 47 Rewarding
2666 1441 228 38 Excellence

2342 1494 175 52 Perhaps
2537 1496 68 38 the
2625 1502 197 46 strongest
2844 1504 96 31 state-

2282 1557 109 31 ment
2403 1554 140 36 Brown
2554 1554 71 36 has
2636 1556 117 35 made
2765 1556 120 36 about
2894 1556 65 38 the

2282 1611 244 47 importance
2537 1613 28 35 it
2576 1611 131 49 places
2718 1624 52 25 on
2781 1611 178 52 teaching

2282 1666 157 50 quality
2460 1668 82 36 and
2564 1668 318 38 self-motivated
2904 1669 38 36 ef-

2282 1721 96 38 forts
2395 1729 41 30 to
2452 1726 181 47 improve
2650 1724 180 50 teaching
2846 1728 33 36 is
2894 1726 65 38 the

2282 1792 90 38 way
2391 1783 28 35 it
2436 1781 72 36 has
2528 1783 272 49 reconfigured
2819 1783 66 38 the
2902 1784 38 36 in-

2282 1836 154 38 fluence
2447 1838 43 36 of
2499 1838 180 50 teaching
2691 1838 132 50 ability
2833 1841 41 35 in
2883 1839 57 38 hir-

2282 1894 68 49 ing
2367 1894 79 36 and
2465 1894 129 50 salary
2611 1894 205 38 decisions.-

2282 1951 71 49 ing
2373 1951 68 36 the
2465 1951 76 36 last
2562 1951 94 38 four
2676 1965 129 36 years,
2828 1954 131 36 we've

2280 2008 107 36 done
2405 2008 150 38 several
2572 2008 132 52 things
2721 2014 39 33 to
2778 2013 181 47 improve

2280 2065 68 36 the
2370 2066 159 49 quality
2553 2066 44 38 of
2866 2068 90 38 said

2280 2121 110 38 Dean
2400 2121 43 38 of
2452 2123 66 38 the
2528 2123 154 50 Faculty
2693 2124 112 36 Brian
2813 2124 143 50 Shepp.

2282 2180 151 36 "We've
2449 2180 102 38 have
2567 2181 117 36 made
2699 2181 181 50 teaching
2893 2192 43 25 ex-

2279 2235 178 38 cellence
2479 2249 55 24 on
2554 2249 76 38 par
2650 2238 102 36 with
2773 2238 184 38 research

2279 2293 217 36 excellence
2510 2293 60 36 for
2587 2294 146 49 faculty
2746 2296 129 35 raises.
2893 2294 63 38 It's

2279 2361 54 25 no
2346 2348 137 52 longer
2499 2350 161 50 enough
2674 2356 39 31 to
2726 2351 52 36 be
2792 2364 20 25 a
2828 2351 129 38 stellar

2279 2406 230 36 researcher
2531 2411 41 31 to
2595 2411 66 46 get
2683 2419 22 24 a
2728 2409 115 35 raise.
2866 2408 91 38 One

2279 2469 109 30 must
2411 2463 85 38 also
2518 2465 50 36 be
2589 2477 22 24 a
2633 2465 135 38 stellar
2789 2466 165 38 teacher.

2277 2520 117 36 What
2405 2521 109 35 these
2524 2521 170 49 changes
2704 2521 102 38 have
2816 2521 139 39 served

2279 2581 39 31 to
2342 2576 54 38 do
2417 2580 30 35 is
2472 2583 39 31 to
2535 2580 173 36 increase
2729 2578 228 39 discussion

2279 2644 148 39 among
2443 2635 66 36 the
2528 2635 146 50 faculty
2691 2635 121 38 about
2830 2638 124 36 issues

2277 2690 44 36 of
2334 2691 181 49 teaching

2337 2748 102 35 Both
2461 2748 121 36 Shaw
2606 2748 82 36 and
2712 2748 137 52 Shepp
2874 2748 61 39 dis-

2276 2805 145 36 cussed
2433 2805 66 36 the
2512 2805 82 38 role
2605 2805 43 38 of
2657 2806 183 49 teaching
2849 2811 85 46 port-

2277 2860 117 36 folios
2408 2872 43 25 as
2465 2874 22 24 a
2501 2874 139 24 means
2654 2860 61 38 for
2728 2861 173 38 teachers
2915 2868 41 31 to

2277 2920 178 35 examine
2465 2918 96 38 their
2572 2920 178 49 teaching
2759 2921 194 49 strategies

1535 2970 77 36 and
1633 2970 129 36 reflect
1780 2983 54 25 on
1852 2972 101 36 their
1969 2972 191 36 behavior
2178 2975 39 33 in
2236 2973 50 36 he
2304 2973 225 38 classroom.
2553 2975 139 36 Brown
2709 2976 35 36 is
2761 2973 192 54 currently

1535 3027 247 50 considering
1795 3030 118 47 using
1924 3028 209 49 portfolios
2148 3041 41 25 as
2203 3043 50 24 an
2266 3030 219 39 additional
2499 3031 164 38 method
2676 3031 44 38 of
2731 3033 222 50 evaluating

1535 3083 183 36 teachers'
1734 3083 302 49 performances.

1709 3142 93 35 time
1816 3153 93 38 may
1921 3154 115 24 come
2049 3142 120 38 when
2183 3143 65 36 the
2263 3143 282 50 development
2559 3145 44 38 of
2614 3146 181 50 teaching
2806 3146 126 50 portfo-

1535 3197 71 36 lios
1622 3197 79 36 will
1718 3197 162 38 become
1894 3209 46 25 so
1956 3198 120 49 good,
2091 3198 94 50 they
2202 3200 118 36 could
2335 3200 50 38 be
2400 3206 88 31 sent
2502 3206 41 31 to
2561 3214 50 24 an
2625 3202 170 38 external
2811 3202 142 39 referee

1535 3252 58 36 for
1909 3255 134 49 Shepp
2061 3257 98 36 said.
2299 3258 228 49 University
2545 3260 118 35 could
2682 3261 150 35 receive
2849 3260 83 38 feed-

1534 3310 96 36 back
1644 3321 54 25 on
1710 3310 65 38 the
1789 3312 151 49 quality
1953 3312 43 36 of
2008 3312 186 36 teachers.
2211 3313 72 36 But
2296 3313 118 38 we're
2430 3321 69 30 not
2512 3315 109 38 there

1591 3367 80 35 The
1691 3367 83 36 face
1795 3367 44 36 of
1858 3369 186 49 teaching
2065 3373 38 33 at
2126 3372 142 35 Brown
2290 3373 31 35 is
2343 3373 227 49 constantly
2589 3373 213 50 changing,
2822 3373 131 38 which

1535 3435 134 25 means
1690 3424 80 36 that
1789 3424 66 36 the
1874 3425 148 35 criteria
2044 3425 60 36 for
2123 3425 107 50 good
2250 3427 181 50 teaching
2450 3430 33 35 is
2502 3428 189 50 evolving
2709 3435 39 31 at
2767 3441 22 25 a
2808 3430 145 38 similar

1534 3491 106 36 pace.
1657 3479 220 50 According
1893 3485 41 31 to
1951 3480 145 50 Shepp,
2115 3483 173 36 Brown's
2306 3485 183 49 teaching
2504 3496 200 25 resources
2720 3498 66 25 are
2800 3487 153 38 flexible

1534 3535 157 49 enough
1707 3540 39 31 to
1761 3540 165 33 account
1939 3537 61 36 for
2013 3539 99 35 such
2126 3539 203 44 fluxation,
2345 3539 164 52 though.

1639 3591 112 38 think
1762 3592 236 50 technology
2009 3595 197 47 provided
2217 3595 54 49 by
2282 3602 227 44 computers
2520 3598 83 36 will
2613 3600 186 36 continue
2809 3603 43 33 to
2860 3600 93 50 help

1532 3647 96 38 both
1644 3649 65 36 the
1726 3649 175 50 delivery
1918 3649 43 38 of
1976 3650 255 38 information
2249 3652 80 36 and
2346 3652 66 38 the
2430 3655 230 36 interaction
2677 3654 43 38 of
2735 3654 112 39 those
2863 3668 68 25 con-

1532 3707 143 47 veying
1690 3706 79 36 and
1783 3706 178 50 learning
1972 3707 85 36 that
2373 3710 134 50 Shepp
2521 3712 98 36 said.
2683 3712 140 38 would
2836 3717 117 35 stress

1532 3761 80 36 that
1630 3762 139 35 Brown
1784 3764 31 35 is
1831 3773 20 25 a
1868 3762 110 49 place
1994 3764 83 36 that
2091 3764 139 36 values
2244 3765 357 52 interdisciplinary
2614 3767 244 50 scholarship
2874 3769 79 38 and

1532 3817 187 50 teaching.
1742 3817 98 38 That
1857 3831 139 24 means
2016 3820 83 36 that
2118 3824 126 46 topics
2263 3822 44 36 of
2326 3825 244 47 importance
2587 3825 82 35 will
2690 3825 150 50 change
2858 3836 94 27 over

1532 3876 91 33 time
1641 3887 41 24 as
1699 3887 88 24 new
1805 3879 113 46 types
1935 3876 43 36 of
1994 3876 246 52 scholarship
2255 3890 169 39 emerge.
2441 3880 65 36 It's
2523 3880 98 36 hard
2638 3885 41 31 to
2693 3880 153 49 predict
2860 3880 93 39 how

1532 3929 178 50 teaching
1723 3931 80 36 will
1817 3931 151 50 change
1984 3934 39 35 in
2038 3945 200 38 response,
2250 3934 74 38 but
2337 3935 142 38 there's
2491 3948 54 25 no
2561 3937 124 36 doubt
2699 3937 82 38 that
2795 3939 28 36 it

820 2781 91 46 The
934 2781 90 46 late
1047 2783 181 44 Harriet
1247 2783 222 46 Sheridan
1488 2783 209 47 founded
1718 2784 79 47 the
1814 2789 173 43 Center
2005 2786 76 47 for
2099 2786 79 47 the

819 2852 354 46 Advancement
1192 2852 50 46 of
1258 2852 191 61 College
1469 2854 225 63 Teaching
1715 2857 43 44 in
1781 2860 139 43 1987.

1450 3995 91 79 7
