3126 4141
299 82 594 69 ENGLISH/THEATRE,
923 79 258 69 SPEECH,
1206 76 461 76 AND_DANCE__

271 227 443 186 Tori
783 211 1422 241 Haring-Smith

279 487 197 55 “Most
493 482 282 58 teachers
794 480 180 58 don't
991 479 164 57 have
1175 477 104 57 the
1294 485 145 65 guts
1461 483 61 49 to
1545 472 145 60 look
1707 482 74 49 at
1795 491 41 39 a
1855 472 306 57 student’s
2183 479 180 49 notes
2476 472 94 54 it’s
2576 472 145 71 just
2739 477 104 47 too
2860 485 184 55 scary
3061 474 65 49 to

271 592 102 41 see
392 575 146 57 how
548 592 129 55 you
699 591 183 39 came
901 587 228 49 across,
1151 567 145 58 how
1317 567 211 72 things
1539 583 128 57 you
1687 564 145 57 said
1846 572 110 66 got
1973 561 313 58 muddled
2304 559 139 58 and
2461 557 381 60 misheard.”

285 2186 74 36 Tori
369 2183 276 52 Haring-Smith
658 2184 28 35 is
699 2181 159 38 Brown's
869 2180 342 38 athlete-dramatist.

285 2244 58 35 On
359 2254 20 25 a
397 2241 129 50 typical
540 2239 77 50 day,
635 2239 60 38 she
712 2238 135 38 teaches
863 2238 61 36 her
937 2236 153 50 popular
1104 2236 88 35 Femi-

285 2299 94 36 nism
400 2296 74 38 and
494 2298 137 35 Drama
654 2296 94 36 class
772 2294 173 41 (ELI2I),
970 2293 83 36 then
1076 2293 140 47 sprints

283 2356 205 36 downtown
504 2357 35 33 to
551 2351 246 39 Providence's
809 2351 117 50 classy
940 2350 135 50 Trinity
1088 2350 107 49 Reper-

287 2417 77 44 tory
383 2411 156 43 Theatre,
557 2409 115 36 where
690 2409 61 36 she
770 2419 117 25 serves
906 2419 41 25 as
967 2406 57 36 the
1043 2417 175 36 company

285 2469 217 49 dramaiurg,
517 2468 57 38 the
1031 2461 77 38 who
1121 2461 96 50 helps

287 2526 55 38 the
351 2524 150 39 director
509 2523 106 50 adapt
625 2535 17 24 a
654 2523 94 50 piece
757 2521 41 50 of
802 2523 181 35 literature
992 2521 76 36 into
1077 2532 17 24 a
1109 2518 88 38 work-

287 2584 63 50 ing
362 2584 120 47 script.

346 2638 117 39 That's
474 2650 20 25 a
496 2638 76 50 full
583 2636 79 38 load
665 2636 61 50 for
739 2641 90 31 most
841 2635 132 50 people,
987 2635 63 36 but
1060 2635 157 47 Haring-

288 2696 115 38 Smith
417 2696 61 36 has
494 2706 94 27 more
602 2706 129 38 energy
748 2693 83 38 than
849 2693 55 36 the
918 2702 150 38 average
1077 2702 140 38 person.

287 2753 102 50 After
398 2751 157 50 working
565 2756 35 31 at
613 2751 134 49 Trinity
757 2751 83 47 Rep,
852 2746 274 50 Haring-Smith
1139 2746 80 36 then

288 2809 117 38 drives
424 2814 33 31 to
474 2809 91 35 New
583 2808 87 36 York
687 2808 93 49 City,
798 2806 113 36 where
928 2805 61 36 she
1005 2805 129 36 directs
1151 2803 71 36 The

290 2868 164 47 Country
474 2865 88 49 Wife
581 2863 94 38 until
694 2861 189 52 midnight,
904 2861 104 36 when
1025 2861 61 35 she
1104 2860 117 36 drives

291 2923 83 38 back
391 2923 113 43 home,
521 2932 104 39 eager
643 2926 35 31 to
696 2920 101 38 catch
814 2932 19 24 a
844 2920 77 49 few
939 2918 109 36 hours
1066 2917 39 50 of
1117 2917 102 49 sleep.

409 2991 139 25 woman
561 2980 28 36 is
600 2989 39 25 so
784 2975 77 38 said
872 2987 66 25 one
948 2975 156 36 student.

291 3036 77 52 day,
391 3036 60 36 she
469 3036 69 35 had
556 3036 77 49 just
652 3035 126 36 driven
800 3033 85 38 back
894 3031 98 50 from
1014 3033 90 35 New
1128 3030 94 41 York,

291 3093 72 38 and
383 3106 87 25 even
491 3091 134 49 though
643 3090 63 38 she
723 3090 77 38 said
820 3088 61 38 she
902 3099 72 25 was
997 3088 107 49 really
1126 3087 98 43 tired,

293 3150 61 38 she
370 3150 54 36 led
439 3161 19 25 a
477 3150 107 49 really
598 3148 93 50 good
707 3148 202 36 discussion
928 3145 39 49 of
976 3146 46 35 M
1039 3143 183 49 Butterfly.

293 3206 85 38 And
391 3206 61 38 she
463 3205 115 38 didn't
591 3216 87 25 even
694 3203 76 38 look
926 3202 104 50 After
1041 3213 66 24 one
1120 3200 41 50 of
1165 3200 61 36 her

294 3261 178 39 animated
488 3261 285 50 early-morning
787 3261 161 39 lectures,
978 3260 76 35 Tori
1069 3258 156 47 Haring-

296 3320 115 38 Smith
427 3317 243 52 passionately
685 3315 180 39 described
885 3315 55 36 the
959 3315 217 49 importance
1194 3312 36 50 of

294 3389 20 25 a
323 3376 91 50 good
424 3375 298 38 student-teacher
731 3376 153 46 rapport,
894 3372 93 49 sleep
997 3372 228 47 deprivation,

294 3433 72 38 and
381 3433 61 36 her
457 3431 94 38 ideas
556 3430 63 50 for
635 3430 142 49 making
792 3430 164 47 learning
962 3427 82 50 fun.

298 3548 50 43 Q.
367 3545 134 36 You're
518 3542 153 38 famous
687 3540 61 39 for
765 3553 98 38 your
879 3540 150 36 tireless
1046 3539 107 36 work
1170 3539 60 36 for

298 3602 66 38 the
386 3603 135 35 Brown
545 3600 169 36 Theater.
737 3602 88 33 Was
847 3597 71 38 last
940 3595 106 49 night
1068 3595 162 38 another

299 3657 93 38 hard
409 3655 104 50 day's
531 3654 124 52 night?

299 3715 47 36 A.
369 3715 71 36 Yes
531 3713 14 36 I
565 3724 87 25 was
677 3724 54 38 up
756 3712 102 38 until
880 3713 24 35 2
926 3723 91 25 a.m.
1041 3710 99 36 with
1164 3721 66 36 my

302 3773 139 35 Brown
460 3770 194 36 students.
676 3769 82 36 You
778 3773 65 44 get
865 3773 39 30 to
924 3780 22 24 a
967 3769 113 47 point
1099 3767 131 35 where

301 3828 61 35 it's
375 3838 96 38 very
487 3831 156 44 strange
657 3830 39 31 to
712 3825 120 47 sleep,
844 3825 173 36 because
1030 3822 135 49 you're
1181 3820 33 36 al-

301 3894 110 38 ways
424 3882 106 49 sleep
545 3880 205 50 deprived.
764 3880 50 36 So
827 3882 28 33 it
868 3883 85 46 gets
965 3883 128 44 pretty
1106 3877 124 49 rough

302 3940 238 36 sometimes.
562 3939 28 36 It
611 3942 83 44 gets
717 3937 126 49 tough
860 3935 121 36 when
1002 3935 137 49 you're
1157 3939 55 44 try-

1283 2183 66 46 ing
1367 2184 41 31 to
1425 2180 54 36 do
1498 2184 66 30 too
1583 2176 128 36 much.
1731 2176 71 35 But
1819 2187 80 38 you
1918 2175 117 35 know
2054 2175 66 35 the
2137 2173 66 36 old

1283 2238 150 47 saying,
1452 2235 167 36 "You've
1636 2238 66 44 got
1718 2236 38 33 to
1773 2233 52 36 do
1841 2231 107 36 what
1964 2243 79 36 you

1283 2294 49 36 So
1343 2293 145 36 theater
1498 2291 140 49 people
1647 2290 143 38 should
1802 2290 52 36 do
1865 2288 150 36 theater.
2025 2288 90 35 And
2126 2287 79 36 that

1285 2361 140 25 means
1452 2348 216 49 late-night
1693 2346 214 36 rehearsal.
1932 2346 31 35 It
1987 2348 142 55 me|ns
2153 2356 52 24 no

1285 2408 118 47 sleep!

1287 2465 47 44 Q.
1359 2461 159 49 Despite
1539 2460 104 49 sleep
1665 2460 252 49 deprivation,
1939 2458 131 47 you're
2093 2457 112 49 really

2261 717 46 35 A.
2321 717 244 36 Sometimes.
2580 715 233 36 Sometimes
2824 726 161 24 women
2997 713 120 36 aren't

2261 773 198 49 couraged
2477 776 39 33 to
2531 772 123 49 speak
2669 775 41 33 in
2723 772 112 36 class.

2321 831 79 35 I've
2417 830 79 36 had
2515 828 145 50 people
2677 841 113 25 come
2808 841 54 38 up
2882 833 39 31 to
2939 839 65 24 me
3020 827 79 36 and
3118 827 3 52 :

2265 888 94 35 "I'm
2375 898 118 38 sorry,
2510 887 72 36 but
2600 888 13 35 I
2631 887 112 36 don't
2761 885 124 50 speak
2902 887 39 35 in
2957 883 112 44 class,
3088 883 14 36 I
3117 883 5 52 j

2263 945 137 36 can't."
2417 945 71 35 But
2502 945 13 35 I
2529 950 61 43 try
2603 950 39 30 to
2655 954 224 38 encourage
2893 942 118 36 them.
3025 940 66 36 On
3104 945 17 31 t:

2265 1002 13 36 I
2294 1014 77 38 say,
2512 1002 102 35 have
2633 1002 117 49 really
2767 1005 137 44 strong
2921 998 121 43 ideas,
3060 997 61 38 it'd

2265 1065 107 44 great
2391 1065 41 31 to
2452 1060 93 35 hear
2565 1058 102 36 from
2687 1071 80 36 you
2789 1060 39 33 in
3005 1068 44 25 or
3068 1066 54 25 soi

2265 1117 112 49 thing
2391 1115 76 36 like
2479 1115 93 36 that.
2584 1115 77 36 Too
2672 1113 80 36 bad
2765 1126 83 38 you
2860 1113 131 36 didn't
3002 1117 65 46 get
3077 1115 41 33 to

2265 1175 93 35 how
2372 1184 72 25 our
2457 1173 157 36 in-class
2625 1175 161 46 writing
2797 1173 246 46 assignment
3052 1181 69 24 wo:

2266 1231 13 33 I
2298 1230 88 36 love
2406 1228 156 36 in-class
2580 1230 169 47 writing.
2767 1227 102 36 With
2887 1227 79 36 this
2981 1238 80 38 you
3079 1225 43 36 all

2266 1288 113 35 those
2394 1287 183 36 students
2591 1287 94 36 who
2701 1296 65 25 are
2781 1285 72 49 shy
2869 1283 121 38 about
3006 1282 115 50 speak

2268 1356 20 25 a
2304 1343 146 36 chance
2465 1348 39 31 to
2518 1342 132 49 speak.

2268 1402 49 44 Q.
2334 1403 76 33 You
2425 1398 165 49 actually
2606 1403 90 44 tape
2712 1397 139 39 record
2866 1409 22 25 a
2904 1397 162 49 critique
3080 1395 41 38 of

2268 1469 66 36 ery
2346 1455 184 38 student's
2543 1461 99 31 term
2655 1466 129 38 paper,
2800 1454 74 38 and
2890 1454 151 49 require
3052 1463 69 27 sev<

2268 1513 120 38 drafts
2409 1513 43 38 of
2471 1524 22 25 a
2517 1524 118 38 paper
2655 1512 101 38 from
2780 1523 20 27 a
2824 1510 167 39 student.
3013 1513 77 35 You
3110 1513 11 35 t

2268 1572 151 49 writing
2435 1583 88 36 very
2540 1569 192 50 seriously.

2269 1630 46 35 A.
2331 1630 14 35 I
2361 1628 54 36 do
2428 1628 87 36 take
2529 1630 159 47 writing
2701 1639 98 36 very
2811 1625 198 50 seriously.
3025 1625 14 36 I
3054 1628 68 33 star

2269 1687 66 36 the
2354 1687 162 47 Writing
2537 1683 176 38 Fellow's
2734 1685 187 47 Program
2940 1687 39 31 at
2998 1682 123 36 Browr

2269 1743 93 36 well
2386 1756 43 24 as
2452 1742 66 38 the
2540 1742 167 50 Writing
2729 1740 156 38 Center.
2909 1740 131 36 When
3060 1750 61 39 yoi

2271 1802 181 47 teaching
2465 1813 20 24 a
2498 1800 110 43 class,
2622 1800 61 36 it's
2694 1809 96 38 easy
2802 1802 41 33 to
2854 1809 66 25 see
2931 1808 191 27 someone

2271 1858 205 49 speaking,
2493 1857 79 36 and
2586 1855 181 50 wrongly
2783 1866 159 25 assume
2956 1854 83 36 that
3054 1854 68 49 the;

2271 1913 238 50 completely
2523 1913 85 36 lost.
2620 1913 189 47 Actually,
2825 1923 80 38 you
2921 1910 156 49 usually
3091 1909 30 38 d<

2272 1973 118 35 know
2408 1972 142 36 what's
2565 1973 121 46 going
2704 1983 52 24 on
2773 1972 39 33 in
2828 1981 22 24 a
2866 1967 194 38 student's
3077 1969 44 35 mi

2272 2028 109 36 Most
2394 2027 173 36 teachers
2583 2027 112 36 don't
2707 2027 101 35 have
2824 2025 65 36 the
2902 2028 90 46 guts
3006 2028 41 33 to
3060 2024 61 36 100

2274 2098 20 25 a
2312 2085 194 38 student's
2521 2088 112 33 notes
2710 2083 61 36 it's
2784 2085 77 47 just
2877 2088 68 30 too
2957 2093 112 38 scary
3083 2085 38 31 to

2274 2143 93 36 how
2383 2154 80 38 you
2479 2153 112 25 came
2606 2153 142 31 across,
2764 2140 93 36 how
2872 2140 134 49 things
3020 2150 101 38 you:

2274 2205 68 44 got
2357 2200 195 36 muddled
2570 2198 79 38 and
2665 2197 213 38 misheard.
2894 2198 72 35 But
2983 2195 60 38 it's
3058 2197 63 47 imj

2276 2261 82 31 tant
2373 2261 43 31 to
2431 2257 118 35 know
2569 2255 91 36 how
2677 2266 82 38 you
2775 2265 115 25 come
2907 2263 129 27 across
3052 2257 43 31 to
3109 2263 13 25 e

2276 2313 43 36 of
2331 2324 101 38 your
2446 2313 180 36 students
2627 2332 50 5 —

2277 2372 49 43 Q.
2345 2367 82 39 And
2444 2367 112 39 that's
2573 2367 131 38 where
2718 2367 66 38 the
2800 2367 151 49 writing
2967 2375 132 28 comes
3115 2365 6 50 i

2277 2428 44 35 A.
2342 2427 93 36 And
2455 2427 115 35 that's
2591 2427 131 35 where
2742 2425 66 36 the
2825 2427 157 44 writing
3002 2435 120 25 comes

2277 2485 44 36 In
2331 2496 22 25 a
2362 2483 68 49 big
2441 2483 142 36 lecture
2594 2482 110 43 class,
2715 2494 82 38 you
2808 2480 102 38 can't
2921 2485 63 46 get
2997 2480 69 36 120
3074 2490 47 25 vo

2687 2539 123 36 heard
2822 2540 41 35 in
2876 2540 46 35 90
2935 2540 183 35 minutes,

2688 2602 66 43 get
2767 2595 110 36 them
2891 2600 39 30 to
2945 2595 112 35 write
3071 2597 41 33 to

2690 2654 52 44 Q.
2773 2654 82 35 You
2887 2649 186 49 actually
3104 2649 19 38 h

2690 2707 106 39 them
2808 2707 107 38 write
2929 2718 74 38 you
3016 2718 22 25 a
3052 2706 71 38 letti

2690 2765 66 36 the
2773 2764 74 38 end
2866 2764 43 38 of
2921 2775 22 27 a
2961 2764 162 38 lecture?

2691 2824 46 35 A.
2757 2822 91 49 Yep.
2871 2822 14 35 I
2907 2819 216 38 remember

2693 2879 83 36 first
2791 2879 145 36 lecture
2948 2879 14 35 I
2976 2877 98 36 tried
3090 2879 28 35 it

2693 2948 106 38 gave
2820 2948 22 24 a
2866 2935 151 36 lecture
3041 2945 54 25 on
3118 2935 5 50 1

2693 2997 165 44 century
2871 2992 146 36 theatre
3093 3002 30 25 rr

2694 3050 154 41 drama,
2871 3047 191 49 morality
3082 3046 41 50 pi

2694 3106 202 50 spectacle
2918 3106 162 35 theater.
3104 3106 19 35 V

2694 3164 88 36 that
2806 3162 129 43 week,
2959 3162 14 35 I
2997 3159 82 38 had
3102 3159 20 38 tl

2696 3219 93 38 read
2800 3219 146 36 Ibsen's
2959 3216 110 38 Doll's
3080 3217 43 36 Ht

2698 3276 79 38 and
2800 3274 126 38 asked
2948 3274 121 43 them,

1294 3313 191 38 animated
1498 3312 132 50 during
1643 3312 170 38 lectures.
1825 3313 76 35 You
1913 3321 65 27 use
1991 3309 104 38 these
2109 3307 110 50 quick

1296 3375 170 44 gestures
1485 3367 124 39 which
1631 3367 87 50 help
1739 3378 112 27 move
1869 3378 94 38 your
1983 3365 104 36 ideas
2104 3364 115 49 along

1361 3427 142 36 similar
1520 3430 41 31 to
1578 3425 102 36 what
1699 3436 22 25 a
1739 3424 167 38 director
1924 3422 106 38 does.
2052 3425 98 33 How
2169 3420 50 38 do

1296 3496 76 36 you
1392 3480 192 39 reconcile
1603 3493 94 38 your
1717 3479 79 38 role
1814 3491 39 25 as
1869 3479 68 36 the
1956 3479 124 36 class's
2098 3477 102 36 direc-

1296 3545 61 31 tor
1373 3540 74 36 and
1466 3539 206 36 mediator?

1298 3598 46 35 A.
1361 3597 61 36 It's
1436 3595 181 38 different
1630 3594 96 36 with
1739 3600 124 30 actors
1937 3592 98 36 their
2047 3592 98 35 lines
2157 3602 65 25 are

1299 3654 170 49 scripted
1490 3657 79 31 out.
1591 3652 183 36 Students
1794 3650 101 36 have
1913 3654 39 31 to
1973 3650 246 47 improvise...

1301 3712 41 35 In
1357 3723 19 24 a
1394 3710 98 36 class
1507 3709 76 36 like
1600 3707 224 46 [Feminism
1839 3706 77 36 and
1932 3706 159 44 Drama]
2109 3706 27 35 it
2150 3715 72 25 can

1299 3767 49 36 be
1362 3767 109 43 hard,
1487 3765 208 49 especially
1707 3765 167 36 because
1888 3764 61 35 it's
1965 3775 17 24 a
2000 3762 143 47 mostly
2157 3761 49 36 all-

1301 3835 159 25 women
1476 3822 98 35 class
1649 3831 109 25 some
1772 3819 82 36 will
1865 3820 77 47 just
1956 3824 68 30 not
2039 3817 131 49 speak.

1302 3880 49 43 Q.
1373 3880 60 33 Do
1452 3888 153 25 women
1625 3876 96 38 have
1739 3888 22 25 a
1781 3874 135 38 harder
1934 3874 91 36 time
2043 3871 180 50 speaking

1304 3934 35 36 in
1356 3932 113 38 class:

2287 3335 228 49 something
2532 3337 41 33 in
2591 3332 113 38 Doll's
2721 3334 126 35 House
2861 3332 134 36 which
3009 3331 82 36 had
3107 3342 14 25 c

2288 3394 213 35 acteristics
2521 3392 43 35 of
2887 3389 55 36 Of
2959 3389 66 36 the
3047 3389 69 35 120

2290 3449 134 43 dents,
2449 3460 99 25 over
2572 3449 71 35 100
2668 3446 90 38 said
2783 3444 238 50 something
3043 3444 79 36 whi

2290 3506 120 35 know
2425 3506 14 35 I
2454 3504 140 36 hadn't
2608 3504 98 36 said.
2721 3504 31 35 It
2767 3501 145 38 turned
2928 3506 71 33 out
3013 3499 82 38 that
3109 3501 13 35 I

2290 3562 123 36 made
2435 3575 20 22 a
2480 3561 172 36 mistake
2676 3562 41 33 in
2739 3559 69 36 the
2830 3559 153 35 lecture
3072 3557 14 35 I
3110 3569 11 24 c

2291 3619 145 49 pletely
2450 3617 128 49 forgot
2591 3622 38 31 to
2643 3616 265 38 differentiate
2918 3614 156 47 today's
3087 3625 35 24 m

2291 3677 69 46 ing
2380 3674 43 38 of
2439 3674 65 36 the
2523 3672 113 38 word
2658 3672 249 36 melodrama
2924 3671 101 36 with
3043 3671 68 36 the

2293 3735 173 44 century
2490 3732 208 46 meaning.
2724 3731 77 35 But
2825 3731 30 35 it
2877 3740 88 24 was
2991 3728 80 36 like
3094 3726 27 38 b<

2293 3787 184 49 dropped
2494 3789 83 33 into
2594 3787 118 35 Mars.

2296 3891 282 49 INTERVIEW
2598 3893 61 46 BY
2677 3891 148 47 JOSH
2852 3891 161 46 SMITH

1326 2654 99 43 First
1441 2654 104 41 Year
1559 2655 47 36 at
1624 2654 159 38 Brown:
1803 2652 126 38 1980.

1328 2717 255 43 Education:
1600 2717 279 41 Swarthmore
1898 2715 170 49 Collese
2088 2713 115 49 (BA),
2222 2712 220 47 University
2460 2712 47 38 of

1329 2784 153 49 Illinois,
1502 2781 436 49 Champaign-Urbana
1961 2780 139 47 (PhD).

1326 2849 148 39 Works
1493 2847 189 41 Include:
1706 2846 156 49 Writing
1882 2844 216 50 Together:
2118 2843 307 39 Collaborative
2443 2841 198 47 Learning

1331 2913 41 41 in
1391 2913 77 39 the
1485 2913 159 47 Writing
1658 2912 233 38 Classroom
1909 2909 169 47 (1994).

1329 2980 187 39 Courses
1532 2976 157 49 taught
1710 2975 192 41 1995-96
1918 2972 227 41 academic
2159 2981 117 39 year:

1331 3044 165 47 Staging
1513 3041 310 49 Shakespeare:
1841 3041 159 46 Theory
2016 3038 85 39 and
2121 3036 183 41 Practice

1332 3107 184 41 Seminar
1532 3117 60 30 on
1613 3106 206 41 Feminism
1836 3104 87 39 and
1943 3106 140 38 Drama

1334 3172 288 41 Introduction
1641 3175 49 35 to
1707 3172 261 47 Dramaturgy

1879 2079 90 25 KATIE
1995 2076 209 28 KRAUSKOPF

1672 3983 146 72 30
