3126 4141
57 150 452 57 COMPARATIVE
535 154 608 57 LITERATURE/ARABIC

35 272 720 195 Kamal
830 276 1460 200 Abdel-Malek

30 512 28 24 “
239 513 85 57 do
348 515 282 58 teachers
649 528 219 65 expect
882 520 291 57 students
1195 529 61 49 to
1277 521 244 58 behave
1540 524 68 57 in
1630 524 106 58 the
1754 531 324 71 negative?
2094 532 33 54 I
2140 550 121 55 say,
2283 532 162 58 ‘This
2466 535 52 55 is
2542 534 106 58 the
2665 554 219 39 course

31 603 260 58 outline.
306 605 102 58 All
424 609 33 54 I
474 606 162 57 need
641 606 176 76 from
831 628 129 55 you
984 611 50 57 is
1057 620 61 47 to
1142 611 77 57 be
1236 614 279 66 serious/
1526 614 137 58 and
1679 619 269 71 proceed

28 710 124 50 Thirty
170 712 131 38 Arabic
323 715 16 35 1
362 713 165 38 students
548 715 129 50 parade
699 715 150 52 through
874 718 61 36 Wil-

25 778 66 25 son
109 769 71 36 309
197 769 36 36 in
249 781 20 24 a
288 769 85 38 wild
381 769 139 52 frenzy,
539 772 170 50 clapping
726 773 88 38 their
830 775 124 43 hands,

25 827 184 49 stomping
225 827 91 36 their
321 827 83 49 feet.
424 828 41 36 In
483 828 57 36 the
557 835 124 38 center,
699 843 46 24 an
761 831 194 36 exuberant

27 880 214 50 ringmaster
254 882 87 38 calls
353 890 65 30 out
431 883 128 38 chants
572 885 72 36 and
660 885 94 39 beats
769 899 44 25 an
831 890 102 47 imagi-

27 950 90 38 nary
128 939 107 38 drum
250 943 35 33 to
301 940 82 50 keep
398 942 57 35 the
469 942 153 50 rhythm.

83 994 60 38 It's
156 995 77 50 just
249 997 151 36 another
416 997 90 38 class
524 998 36 36 in
580 998 58 38 the
654 998 58 50 life
726 1000 43 49 of
778 1002 178 49 Professor

25 1052 126 38 Kamal
162 1052 261 39 Abdel-Malek.

83 1109 82 38 One
183 1109 39 50 of
235 1109 58 38 the
310 1115 134 33 newest
454 1110 99 50 faces
573 1113 36 36 in
630 1113 58 36 the
707 1115 246 49 Comparative

24 1167 197 36 Literature
231 1167 236 50 department,
482 1169 263 46 Abdel-Malek,
761 1172 79 38 who
854 1172 99 38 holds

25 1220 57 39 the
104 1222 76 39 title
198 1222 43 50 of
254 1225 172 43 Lecturer,
447 1225 65 38 has
531 1227 145 50 already
696 1228 101 36 made
816 1230 99 49 quite
934 1241 19 25 a

24 1280 167 50 namefor
200 1280 145 52 himself
348 1282 126 38 unthin
487 1283 164 38 Brown's
661 1283 169 39 hallowed
841 1287 110 38 walls.

24 1337 41 36 In
82 1337 159 38 addition
261 1342 36 35 to
315 1339 165 52 teaching
487 1340 91 50 four
594 1342 128 38 classes
739 1342 72 38 and
827 1343 109 36 direct-

24 1394 65 50 ing
106 1395 118 36 senior
244 1395 126 44 theses,
389 1397 254 38 Abdel-Malek
661 1400 162 38 counsels
836 1400 98 50 fresh-

24 1463 80 25 men
118 1450 72 38 and
203 1452 227 50 sophomores
443 1466 39 24 as
496 1466 20 24 a
532 1455 94 36 CAP
639 1455 74 38 and
726 1457 153 38 Randall
891 1457 41 38 ad-

22 1507 109 44 visor;
143 1507 43 39 he
195 1509 76 38 also
285 1510 135 39 teaches
433 1524 19 24 a
468 1512 102 50 night
584 1524 124 25 course
721 1515 36 35 in
770 1515 131 36 Arabic
915 1515 36 36 in

24 1564 58 38 the
101 1565 129 38 Brown
252 1567 180 50 Learning
452 1569 239 52 Community
709 1583 178 38 program.
910 1573 39 35 In

24 1620 104 44 1992,
143 1622 44 38 he
192 1622 164 50 founded
370 1638 46 24 an
431 1625 99 38 Arab
546 1627 140 36 culture
701 1628 80 35 club
795 1639 46 25 on
858 1641 71 24 cam-

20 1690 80 38 pus,
115 1679 58 36 the
184 1680 77 35 Dar
271 1680 214 38 an-Nadwa.
499 1682 87 38 And
595 1683 72 36 he's
680 1683 85 50 only
778 1685 82 36 been
874 1685 79 38 here

22 1734 94 38 three
128 1748 112 36 years.

22 1849 50 44 Q.
91 1850 27 35 It
134 1847 113 39 could
265 1849 49 39 be
326 1850 82 38 said
422 1850 83 39 that
520 1863 94 38 your
630 1854 98 36 class
743 1855 206 38 resembles

22 1915 107 27 more
145 1915 22 27 a
184 1906 124 38 circus
323 1907 91 36 than
430 1920 24 25 a
469 1907 224 39 classroom.
710 1910 112 38 What
841 1912 28 36 is
883 1910 66 39 the

22 1959 230 52 philosophy
274 1962 140 41 behind
439 1976 96 38 your
557 1967 124 36 rather
706 1967 244 39 unorthodox

20 2017 180 52 teaching
214 2019 117 50 style?

79 2077 46 35 A.
135 2077 69 49 My
213 2077 104 38 basic
326 2080 192 47 approach
529 2085 39 31 to
578 2080 175 52 teaching
761 2082 189 50 language

20 2134 31 35 is
63 2132 202 52 involving
276 2134 66 38 the
350 2134 110 50 body
471 2139 39 33 in
521 2137 66 36 the
597 2137 175 52 learning
781 2150 165 39 process.

20 2191 13 36 I
41 2189 173 52 jokingly
225 2192 71 36 call
309 2192 74 36 this
764 2197 30 35 It
805 2198 31 35 is
847 2197 83 36 diffi-

19 2246 79 38 cult
109 2252 41 31 to
161 2249 172 49 imagine
343 2261 22 25 a
378 2250 161 36 student
551 2252 159 49 capable
723 2254 43 36 of
775 2254 173 50 learning

19 2304 88 36 well
120 2304 120 38 while
252 2307 132 49 sitting
397 2307 239 44 motionless;
650 2310 28 35 it
693 2312 31 35 is
739 2323 107 24 more
858 2323 66 25 con-

19 2359 170 39 ceivable
203 2367 41 31 to
260 2362 110 36 think
384 2364 82 36 that
482 2364 65 38 the
562 2365 112 36 mind
690 2372 140 31 cannot
844 2367 47 36 be
909 2369 39 35 in

19 2419 151 36 motion
180 2419 120 36 while
309 2420 68 35 the
387 2420 109 50 body
509 2422 33 35 is
554 2422 225 38 motionless
852 2424 96 38 both

17 2472 101 38 have
128 2479 41 31 to
176 2474 49 38 be
235 2477 200 36 activated.
446 2477 80 36 You
537 2483 123 43 cipate
669 2490 22 25 a
701 2482 142 33 certain
852 2480 93 36 kind

17 2529 44 38 of
76 2531 252 38 exhilaration
346 2545 43 25 as
406 2532 68 38 the
491 2534 178 39 students
690 2548 63 25 are
767 2539 180 49 jumping

17 2598 57 39 up
83 2587 79 38 and
173 2587 132 44 down,
317 2589 186 52 shouting
512 2592 140 49 things,
665 2595 176 49 swaying
849 2594 98 36 back

17 2644 79 36 and
109 2644 113 36 forth.
235 2646 80 36 The
326 2658 175 39 purpose
512 2647 43 38 of
564 2649 66 36 the
643 2649 77 49 Sufi
732 2650 123 36 dance
866 2663 79 36 you

16 2701 178 38 watched
205 2713 46 25 us
260 2702 123 50 doing
392 2706 31 35 is
433 2704 93 43 that,
535 2709 36 33 at
583 2706 65 36 the
657 2707 88 43 end,
756 2707 63 35 the
830 2707 93 36 devo-

16 2761 61 33 tee
88 2762 83 46 gets
184 2759 80 36 into
277 2770 22 25 a
310 2764 139 33 trance.
465 2761 30 36 It
507 2762 31 36 is
550 2761 176 39 believed
740 2762 80 38 that
831 2769 39 33 at
882 2764 63 38 the

17 2820 173 31 moment
198 2814 43 38 of
247 2816 126 50 losing
383 2820 301 43 consciousness,
693 2825 146 31 contact
849 2822 31 35 is
890 2833 38 24 es-

16 2871 191 38 tablished
219 2872 99 36 with
331 2872 65 38 the
409 2874 143 36 divine.

16 2928 52 46 Q.
94 2929 106 38 Does
222 2928 77 39 this
321 2929 161 38 method
509 2931 44 36 of
572 2931 184 52 teaching
778 2932 165 50 through

1016 2205 235 33 movement
1277 2206 113 33 trace
1419 2203 101 36 back
1545 2208 43 33 to
1614 2216 50 25 an
1691 2205 249 39 established

1014 2255 135 39 school
1169 2257 41 38 of
1222 2257 164 52 thought
1403 2272 43 25 or
1463 2260 28 38 is
1509 2261 25 36 it
1550 2272 22 25 a
1589 2261 110 36 novel
1717 2263 217 49 approach?

1014 2315 46 35 A.
1080 2315 121 36 There
1219 2317 31 35 is
1268 2328 22 24 a
1307 2315 106 38 basic
1430 2318 88 36 idea
1535 2318 43 36 of
1594 2320 180 49 teaching
1791 2320 150 50 foreign

1014 2370 197 50 language
1222 2373 173 49 through
1405 2376 131 35 action
1605 2376 69 35 I'm
1683 2383 69 30 not
1765 2383 38 30 at
1814 2376 50 36 all
1876 2378 65 36 the

1014 2428 187 35 inventor
1224 2428 44 36 of
1288 2428 90 38 this.
1402 2430 13 36 I
1436 2431 142 36 would
1602 2431 77 38 like
1701 2438 41 31 to
1762 2433 115 38 think
1901 2435 39 36 of

1014 2485 145 47 myself
1170 2498 43 25 as
1228 2498 19 25 a
1263 2487 146 38 skillful
1424 2488 164 49 adapter
1602 2490 43 35 of
1655 2490 76 35 this
1746 2490 191 46 [method]

1013 2545 43 31 to
1066 2542 153 36 Arabic.
1235 2542 30 36 It
1279 2543 31 36 is
1324 2548 69 31 not
1406 2545 161 49 enough
1581 2550 41 33 to
1635 2550 143 33 master
1792 2546 65 38 the
1871 2548 52 36 lin-

1013 2600 142 47 guistic
1175 2603 200 35 utterance
1394 2602 167 36 without
1583 2603 135 49 regard
1740 2609 39 30 to
1798 2603 109 38 what
1926 2606 14 35 I

1013 2655 71 35 call
1094 2655 66 36 the
1550 2658 43 36 of
1602 2658 63 36 the
1674 2660 112 49 body.
1798 2661 69 36 For
1879 2672 41 25 ex-

1013 2712 148 49 ample,
1183 2724 55 25 no
1258 2718 143 31 matter
1422 2715 94 35 how
1540 2715 121 36 much
1682 2723 154 44 respect
1858 2731 82 36 you

1013 2767 102 50 heap
1135 2780 52 24 on
1206 2781 50 24 an
1274 2769 104 38 Arab
1400 2772 39 35 in
1457 2772 146 43 words,
1622 2772 77 38 this
1717 2773 80 36 will
1814 2773 50 38 be
1883 2780 38 31 to-

1013 2824 93 50 tally
1117 2825 263 38 undermined
1392 2828 30 35 if
1430 2828 65 35 the
1504 2828 109 50 body
1622 2835 156 44 gesture
1787 2830 82 38 that
1882 2844 38 24 ac-

1013 2883 228 47 companies
1261 2882 77 38 this
1357 2887 129 46 praise
1507 2887 31 35 is
1559 2885 167 38 deemed
1746 2887 194 38 offensive

1011 2937 54 50 by
1074 2939 65 36 the
1148 2940 117 36 Arab.
1276 2940 33 36 If
1317 2951 79 38 you
1406 2943 49 33 sit
1465 2942 261 50 cross-legged
1737 2943 77 36 and
1827 2943 112 38 show

1013 2994 65 36 the
1091 2994 83 38 sole
1187 2995 43 36 of
1241 3008 101 38 your
1354 2997 96 36 shoe
1465 3003 41 31 to
1518 2998 66 36 the
1597 2998 82 38 face
1693 3000 43 36 of
1746 3000 66 36 the
1825 3003 94 35 inter-

1013 3050 159 44 locutor,
1189 3055 28 35 it
1233 3055 31 35 is
1280 3054 203 44 offensive,
1501 3066 22 24 a
1540 3055 117 36 failed
1674 3060 239 35 communica-

1013 3110 93 33 tion.
1121 3109 14 35 I
1150 3115 107 30 want
1271 3115 41 31 to
1326 3112 167 47 impress
1507 3112 76 36 this
1597 3124 54 25 on
1665 3124 66 38 my
1745 3115 192 36 students.

1013 3165 49 46 Q.
1085 3167 107 36 Have
1209 3176 76 38 you
1304 3165 120 38 found
1446 3172 99 33 most
1562 3167 173 39 students
1753 3175 43 31 to
1814 3169 49 39 be
1882 3183 38 25 re-

1013 3220 172 49 ceptive?

1011 3279 46 35 A.
1069 3279 83 43 Yes,
1167 3280 13 35 I
1194 3279 110 36 have.
1320 3280 43 35 In
1375 3287 104 30 most
1491 3293 118 31 cases,
1624 3282 14 36 I
1650 3282 101 38 have
1764 3283 109 36 them
1883 3285 54 36 do

1011 3334 132 50 things
1159 3334 246 50 collectively,
1420 3350 46 24 so
1480 3337 82 38 that
1576 3339 91 49 they
1682 3351 63 25 are
1761 3340 76 36 less
1849 3342 71 35 self-

1011 3394 219 35 conscious.
1244 3394 13 35 I
1269 3392 112 36 don't
1392 3394 219 38 embarrass
1624 3408 68 38 my
1702 3397 191 38 students.
1909 3398 28 36 It

1011 3447 33 35 is
1061 3449 39 33 in
1120 3460 68 38 my
1205 3454 139 31 nature
1361 3455 39 30 to
1417 3463 118 24 move
1553 3452 165 43 around;
1735 3454 115 36 that's
1869 3458 68 31 not

1011 3504 225 50 something
1246 3507 14 35 I
1272 3506 184 38 rehearse.
1471 3507 214 44 Therefore,
1698 3510 69 35 I'm
1775 3510 77 49 just
1863 3515 57 33 act-

1011 3562 66 47 ing
1088 3572 41 25 as
1142 3561 150 50 myself,
1304 3575 41 24 as
1357 3575 47 24 an
1414 3564 117 43 Arab,
1542 3567 39 33 in
1592 3565 101 36 front
1704 3567 41 35 of
1754 3567 65 36 the
1828 3567 107 36 class.

1009 3616 79 38 The
1099 3617 110 50 thing
1220 3619 80 36 that
1310 3620 14 35 I
1335 3619 99 36 have
1444 3625 39 30 to
1493 3631 162 39 prepare
1665 3633 63 25 are
1739 3622 65 36 the
1813 3635 101 38 gram-

1011 3683 83 25 mar
1109 3672 164 38 lessons.

1009 3731 50 44 Q.
1072 3728 113 39 What
1198 3731 30 36 is
1239 3742 93 36 your
1343 3732 157 47 opinion
1513 3743 49 25 on
1576 3734 219 38 non-native
1806 3735 109 49 speak-

1011 3795 58 27 ers
1083 3784 181 52 teaching
1282 3798 20 25 a
1318 3786 146 52 foreign
1483 3787 206 50 language?

1009 3843 46 36 A.
1074 3843 72 36 I'm
1164 3844 126 36 afraid
1309 3846 69 35 I'm
1395 3847 123 49 going
1535 3852 39 30 to
1592 3847 131 36 sound
1742 3847 135 38 biased
1896 3852 39 33 in

1009 3898 112 36 favor
1134 3899 44 36 of
1187 3899 66 36 the
1266 3902 131 35 native
1409 3902 172 49 speaker.
1595 3904 203 49 Anything
1811 3906 80 36 else
1904 3907 31 35 is

1009 3967 107 24 mere
1135 3957 203 36 imitation.
1359 3959 63 35 No
1441 3964 140 30 matter
1597 3959 94 36 how
1709 3961 187 35 excellent
1913 3975 22 20 a

2017 743 153 36 scholar
2191 743 65 38 the
2272 746 178 38 outsider
2471 750 44 41 is,
2534 748 50 36 he
2603 761 44 24 or
2665 750 71 36 she
2753 750 76 36 still
2847 753 31 35 is
2898 764 46 24 an

2019 802 178 36 imitator.
2219 803 36 35 A
2274 805 132 35 native
2428 805 176 50 speaker,
2627 806 94 38 who
2743 809 31 35 is
2795 820 22 24 a
2839 809 104 47 good

2017 855 153 38 scholar
2189 863 77 38 too,
2288 861 30 33 is
2340 860 65 36 the
2422 861 88 36 best
2529 861 44 36 of
2591 863 66 35 the
2674 868 82 31 two
2775 865 169 49 possible

2016 913 161 36 worlds.

2016 970 50 44 Q.
2088 967 115 39 What
2224 969 106 41 "do's
2351 972 74 38 and
2447 973 153 38 don'ts"
2622 975 43 36 of
2682 975 180 52 teaching
2880 976 63 38 did

2016 1038 76 35 you
2109 1038 90 38 reap
2213 1027 98 38 from
2326 1041 96 36 your
2436 1041 90 27 own
2542 1030 244 41 educational
2802 1035 123 47 experi-

2016 1085 118 35 ence?

2016 1142 46 35 A.
2074 1142 87 35 One
2173 1142 129 36 lesson
2313 1143 13 35 I
2339 1143 159 38 learned
2510 1146 157 49 quickly
2679 1146 101 38 from
2789 1148 132 36 observ-

2016 1198 66 47 ing
2101 1211 69 36 my
2187 1211 94 25 own
2301 1202 173 36 teachers
2493 1214 85 24 was
2597 1208 41 30 to
2657 1203 118 36 avoid
2794 1211 129 44 expect-

2016 1255 66 49 ing
2096 1266 68 38 my
2178 1255 181 39 students
2373 1263 39 31 to
2427 1258 233 50 disappoint
2672 1272 74 25 me.
2762 1263 30 35 It
2805 1263 33 35 is
2849 1274 94 38 very

2014 1324 189 25 common
2222 1313 60 36 for
2301 1315 222 49 professors
2543 1328 54 25 on
2617 1317 65 36 the
2702 1317 85 38 first
2805 1318 80 50 day
2904 1318 39 38 of

2014 1369 102 36 class
2139 1375 39 31 to
2200 1383 77 38 say,
2430 1373 83 36 will
2535 1373 104 38 have
2661 1375 109 36 three
2794 1378 129 49 assign-

2014 1430 139 33 ments.
2169 1427 55 36 I'd
2238 1428 76 35 like
2326 1439 198 39 everyone
2535 1436 43 30 to
2589 1430 54 38 do
2655 1431 107 36 them
2773 1444 54 25 on
2839 1435 102 36 time.

2014 1483 65 36 No
2318 1487 102 49 Why
2439 1488 55 36 do
2515 1488 175 36 teachers
2709 1494 137 46 expect
2865 1496 60 31 stu-

2013 1540 115 36 dents
2150 1545 38 31 to
2206 1542 154 36 behave
2378 1545 43 35 in
2439 1543 66 38 the
2524 1548 203 46 negative?
2746 1546 197 50 Compare

2013 1597 77 38 this
2109 1603 39 31 to
2165 1598 109 38 what
2291 1602 14 35 I
2326 1600 61 38 do.
2409 1602 13 36 I
2441 1613 77 39 say,
2672 1605 31 35 is
2723 1603 65 36 the
2805 1616 139 25 course

2013 1655 157 35 outline.
2183 1655 65 35 All
2257 1655 16 36 I
2282 1657 104 36 need
2397 1657 104 38 from
2510 1671 82 36 you
2605 1661 30 35 is
2647 1663 39 33 to
2696 1660 49 38 be

2013 1710 79 38 and
2113 1713 180 47 proceed.
2317 1715 13 35 I
2351 1715 150 49 always
2523 1728 69 38 say
2613 1721 41 31 to
2674 1729 68 38 my
2761 1717 181 39 students

2013 1767 82 36 that
2107 1767 91 50 they
2213 1781 63 24 are
2287 1770 164 49 capable
2463 1772 44 36 of
2518 1772 123 49 doing
2652 1772 129 38 better.
2795 1775 106 36 Even
2913 1775 30 36 if

2013 1836 80 36 you
2109 1836 61 25 are
2186 1838 94 36 very
2294 1828 118 47 good,
2430 1839 82 36 you
2526 1841 72 24 can
2613 1828 49 36 be
2676 1830 197 38 excellent.

2013 1880 49 44 Q.
2082 1882 98 35 How
2195 1880 96 38 does
2309 1885 135 35 Brown
2465 1883 91 38 rank
2575 1885 35 36 in
2627 1898 94 36 your
2735 1885 112 39 field?

2013 1939 44 35 A.
2076 1939 139 36 Brown
2230 1951 132 25 comes
2378 1942 76 35 late
2469 1943 39 33 in
2524 1942 252 52 introducing
2787 1945 150 36 Arabic.

2013 1994 93 36 1992
2118 1994 60 36 for
2187 2008 20 24 a
2222 1997 121 49 major
2354 1998 276 36 international
2643 2000 214 50 language?
2871 2003 66 35 But

2009 2063 65 24 we
2085 2050 145 38 should
2244 2054 139 49 regard
2395 2055 77 35 this
2487 2066 41 25 as
2542 2055 94 50 only
2647 2055 66 38 the
2724 2055 213 52 beginning

2009 2107 44 36 of
2065 2107 65 36 the
2145 2110 216 41 1,001-mile
2372 2112 170 49 journey
2614 2115 14 35 I
2641 2113 77 36 like
2731 2113 82 36 that
2825 2126 85 25 num-

2008 2164 76 36 ber.
2101 2165 121 38 We're
2236 2167 134 49 taking
2386 2180 77 24 one
2477 2169 93 36 mile
2586 2169 96 36 each
2696 2181 99 39 year.
2811 2172 126 38 We've

2009 2220 117 38 taken
2139 2235 112 25 some
2265 2225 123 47 major
2398 2230 120 44 steps.
2534 2227 126 36 When
2672 2228 13 35 I
2699 2238 121 35 came,
2833 2228 104 36 there

2008 2290 83 25 was
2107 2279 94 49 only
2214 2291 77 24 one
2304 2293 140 25 course
2458 2283 43 35 in
2512 2282 153 38 Arabic.
2682 2283 104 38 Now
2798 2298 63 25 we
2876 2298 61 25 are

2008 2334 170 50 offering
2195 2339 57 35 six
2269 2350 159 25 courses
2447 2342 41 33 in
2506 2340 206 50 language,
2731 2353 41 25 as
2789 2342 90 36 well
2896 2354 41 25 as

2008 2392 151 36 several
2178 2394 197 36 literature
2394 2394 156 38 classes.
2570 2395 121 38 There
2710 2409 65 25 are
2794 2398 46 36 30
2858 2403 60 31 stu-

2009 2447 115 38 dents
2142 2450 39 35 in
2195 2449 142 38 Arabic
2354 2452 31 35 1.
2405 2452 30 36 It
2450 2455 31 35 is
2499 2465 96 36 very
2611 2454 230 50 heartening
2857 2455 80 36 that

2008 2515 46 27 so
2074 2517 121 38 many
2214 2507 181 36 students
2416 2520 66 25 are
2501 2510 222 36 interested.
2745 2512 140 36 Brown
2906 2515 31 35 is

2008 2561 124 50 doing
2143 2575 20 24 a
2176 2564 107 47 good
2291 2564 66 49 job
2370 2567 41 35 in
2422 2565 261 52 diversifying
2693 2567 66 36 the
2770 2570 145 35 curricu-

2008 2619 94 43 lum,
2118 2619 71 36 but
2202 2631 63 24 we
2277 2620 137 36 would
2430 2620 79 38 like
2523 2627 39 31 to
2576 2635 66 25 see
2657 2636 118 24 more.
2791 2624 57 38 I'd
2861 2625 76 38 like

2008 2680 39 30 to
2063 2687 63 25 see
2143 2688 19 24 a
2178 2677 156 36 Middle
2350 2679 159 36 Eastern
2524 2680 128 46 major.

2008 2732 49 44 Q.
2077 2732 82 35 Can
2178 2743 76 36 you
2274 2743 113 27 name
2405 2745 77 27 one
2502 2746 44 25 or
2564 2740 79 33 two
2663 2735 175 49 qualities
2855 2737 79 39 that

2008 2798 113 39 every
2137 2794 106 44 great
2258 2789 159 39 teacher
2433 2795 102 33 must
2553 2794 170 47 possess?

2006 2846 46 35 A.
2074 2846 181 36 Genuine
2274 2849 157 35 interest
2450 2850 41 35 in
2509 2849 68 36 the
2594 2850 192 38 students.
2803 2852 91 36 And
2913 2863 19 25 a

2006 2906 279 46 presumption
2307 2904 43 36 of
2369 2906 203 49 goodness
2595 2907 39 35 in
2657 2907 65 36 the
2742 2907 191 38 students.

2006 2959 126 49 Every
2146 2959 162 36 student
2323 2962 31 35 is
2370 2961 109 50 good
2496 2962 134 36 unless
2644 2975 151 36 proven
2811 2964 102 38 other-

2005 3017 109 33 wise.

2006 3072 52 43 Q.
2085 3071 167 50 Judging
2277 3072 102 38 from
2406 3087 102 36 your
2535 3074 220 39 classroom
2783 3076 129 49 perfor-

2006 3139 170 35 mances,
2192 3131 63 35 I'm
2268 3131 192 47 surprised
2474 3131 82 38 that
2569 3143 74 36 you
2657 3132 120 39 didn't
2787 3145 145 27 answer

2005 3243 47 35 A.
2072 3243 71 36 But
2161 3243 83 36 that
2260 3255 134 25 comes
2413 3246 104 35 from
2532 3249 173 47 genuine
2721 3249 157 35 interest
2894 3250 38 35 in

2005 3298 192 38 students.
2213 3299 44 35 In
2268 3299 110 38 what
2387 3313 94 36 way
2496 3315 65 24 am
2575 3302 13 36 I
2603 3306 121 47 going
2735 3307 43 33 to
2787 3304 145 38 benefit

2005 3367 71 36 my
2101 3356 217 38 students?
2343 3357 250 38 Sometimes
2619 3364 39 31 at
2682 3359 124 38 home
2830 3361 14 36 I
2868 3373 65 25 am

2005 3411 198 36 oblivious
2216 3417 41 31 to
2269 3413 109 38 what
2391 3416 33 35 is
2438 3416 156 36 around
2608 3428 65 24 me
2682 3416 170 38 because
2865 3417 68 38 I'm

2005 3468 192 50 thinking,
2331 3471 82 36 that
2425 3472 140 35 would
2576 3472 50 36 be
2639 3485 20 24 a
2674 3472 106 50 good
2792 3485 90 39 way
2894 3480 38 31 to

2005 3524 206 38 introduce
2222 3524 77 38 this
2313 3529 39 33 in
2517 3529 13 36 I
2543 3529 113 38 don't
2666 3531 189 36 schedule
2866 3542 66 39 my

2005 3581 143 36 classes
2167 3586 38 33 at
2222 3584 22 35 8
2265 3594 99 33 a.m.,
2383 3584 96 36 then
2498 3586 112 36 teach
2627 3587 41 35 in
2687 3598 22 24 a
2726 3587 206 49 particular

2005 3649 90 38 way
2109 3638 79 36 and
2205 3650 76 38 say,
2376 3639 77 38 hell
2468 3641 101 36 with
2729 3643 31 38 if
2772 3655 69 38 my
2855 3649 58 31 stu-

2005 3693 115 38 dents
2135 3694 112 38 don't
2263 3698 258 36 understand.
2539 3698 129 38 That's
2683 3706 69 30 not
2769 3712 68 38 my
2850 3702 66 35 atti-

2005 3750 106 36 tude.
2131 3750 31 36 If
2178 3762 20 24 a
2216 3751 162 38 student
2395 3756 31 33 is
2443 3754 154 49 willing
2613 3759 41 33 to
2671 3756 55 36 do
2742 3756 65 38 the
2822 3757 110 36 work

2005 3806 77 36 and
2099 3808 77 36 still
2191 3808 157 38 doesn't
2362 3811 260 44 understand,
2639 3811 106 38 there
2761 3814 31 35 is
2808 3825 101 25 some-

2005 3863 112 49 thing
2129 3876 140 39 wrong
2283 3866 41 35 in
2337 3877 102 38 your
2455 3868 192 49 teaching.

2005 3976 283 49 INTERVIEW
2309 3980 63 47 BY
2387 3981 165 47 ALISA
2575 3983 258 47 NEWMAN

49 3046 98 39 First
164 3049 101 36 Year
282 3052 44 35 at
346 3049 159 39 Brown:
529 3050 126 44 1992.

49 3112 252 39 Education:
323 3115 139 36 Simon
483 3115 135 38 Fraser
638 3115 217 49 University

49 3176 112 47 (BA),
183 3178 139 38 McGill
343 3178 219 49 University
583 3183 107 46 (MA,
712 3181 118 46 PhD).

46 3241 145 38 Works
211 3243 191 38 Include:
422 3246 277 36 Muhaivniad
713 3246 39 38 in
772 3246 72 38 the

47 3307 184 36 Modern
252 3307 195 47 Egyptian
465 3309 183 47 Popular
661 3307 137 43 Ballad

49 3370 154 46 (1995)

47 3435 184 38 Courses
252 3438 154 44 taught
430 3438 192 38 1995-96
639 3438 225 39 academic

46 3509 113 36 year:

47 3565 181 36 Modern
249 3565 208 38 Standard
476 3567 151 38 Arabic
647 3567 123 49 (First,

47 3628 189 47 Second,
257 3628 113 39 Third
389 3630 137 46 Years)

47 3693 156 47 Images
222 3693 47 39 of
285 3694 191 38 America
499 3696 36 36 in
553 3698 77 36 the
647 3698 151 38 Arabic

47 3757 113 36 Press

44 3820 134 38 Arabs
195 3822 87 38 and
301 3824 123 38 Jews:
446 3824 115 39 Thejr
578 3825 260 39 Encounters
857 3827 35 38 in

24 3885 5 47 ■
46 3885 334 47 Contemporary
400 3888 126 38 Israeli
545 3890 87 36 and
650 3890 148 39 Arabic

47 3950 217 38 Literature
306 3984 66 11 ....

1723 2142 87 28 ROSS
1825 2143 115 28 KRIBBS

1438 4043 104 87 11
