3126 4141
228 104 427 3883 CONVERSATIONS

934 1739 96 52 We
1054 1735 167 54 asked
1244 1751 131 36 over
1394 1750 104 38 one
1521 1731 243 55 hundred
1787 1729 205 54 seniors
2017 1728 106 52 and
2140 1728 209 69 juniors
2469 1724 233 68 through
2724 1723 290 68 telephone

935 1828 309 55 interviews
1271 1825 104 54 and
1398 1824 161 54 email
1586 1822 354 54 solicitations
2061 1835 106 38 one
2192 1816 269 71 question:
2490 1816 128 54 who
2643 1831 88 36 are
2754 1814 90 54 the
2868 1814 148 52 three

934 1921 120 52 best
1066 1918 238 54 teachers
1320 1934 107 54 you
1441 1917 135 52 have
1592 1915 104 54 had
1713 1923 49 44 at
1776 1910 230 55 Brown?
2036 1910 165 54 Some
2217 1924 282 54 responses
2517 1923 142 38 were
2674 1904 339 72 predictable.

935 2011 272 68 Teaching
1239 2008 224 69 legends
1496 2006 109 54 like
1635 2005 231 54 Edward
1896 2003 202 61 Beiser,
2131 2000 239 54 Barbara
2397 1998 405 61 Tannenbaum,
2835 1997 181 54 James

939 2106 250 58 Morone,
1224 2101 121 52 Ken
1375 2099 195 61 Miller,
1600 2096 208 55 Arnold
1836 2093 312 61 Weinstein,
2183 2093 191 52 Meera
2400 2090 403 61 Viswanathan,
2835 2090 181 52 James

939 2195 156 54 Head
1110 2194 106 54 and
1231 2195 203 50 Barrett
1450 2189 280 54 Hazeltine
1748 2205 140 35 were
1906 2184 312 55 mentioned
2235 2183 165 54 often.
2419 2183 60 52 In
2496 2181 235 69 general,
2748 2180 268 61 however,

939 2287 88 54 the
1054 2283 269 55 feedback
1348 2299 83 36 we
1457 2280 250 55 received
1734 2296 110 36 was
1872 2293 129 54 very
2027 2276 231 54 diverse.
2288 2276 159 52 More
2474 2274 128 54 than
2635 2272 104 55 130
2765 2271 254 55 different

940 2378 306 69 professors
1279 2375 145 54 from
1454 2391 31 36 a
1513 2373 206 66 variety
1751 2370 65 54 of
1844 2370 162 52 fields
2038 2384 145 38 were
2217 2367 209 54 saluted
2458 2381 58 38 as
2548 2381 107 36 one
2688 2364 65 54 of
2781 2362 88 54 the
2899 2362 120 54 best

940 2469 243 54 teachers
1206 2483 31 36 a
1258 2468 200 50 Brown
1480 2465 213 54 student
1713 2463 106 52 had
1841 2458 375 71 experienced.

945 2652 159 52 From
1123 2649 104 54 this
1247 2649 145 69 large
1413 2663 170 54 group
1603 2646 63 54 of
1682 2644 258 61 teachers,
1962 2658 83 36 we
2066 2641 169 54 chose
2255 2639 227 54 thirteen
2501 2639 307 69 professors
2830 2636 143 54 from
2992 2652 33 38 a

945 2759 161 52 range
1134 2740 63 54 of
1208 2740 351 68 departments
1576 2737 104 52 and
1694 2735 350 69 pedagogical
2061 2734 164 68 styles
2241 2740 55 44 to
2313 2731 266 69 spotlight.
2595 2729 113 54 The
2723 2728 299 69 professors

945 2849 87 36 we
1068 2831 243 54 decided
1343 2839 57 44 to
1436 2830 214 52 feature
1687 2844 148 36 were
1871 2825 208 66 widely
2113 2822 230 69 praised
2380 2822 109 52 and
2521 2822 146 52 have
2704 2817 323 69 developed

946 2923 321 69 impressive
1287 2920 331 68 followings,
1636 2920 94 50 but
1748 2918 137 52 have
1906 2915 272 69 generally
2197 2921 96 46 not
2309 2912 252 54 received
2576 2912 90 52 the
2683 2909 265 71 publicity
2967 2924 61 38 or

946 3014 340 68 recognition
1307 3013 63 52 of
1389 3027 151 38 some
1561 3009 65 54 of
1641 3009 134 52 their
1795 3022 151 38 more
1965 3005 357 54 well-known
2345 3003 329 68 colleagues.
2696 3003 96 50 We
2813 2998 214 55 wanted

948 3113 55 44 to
1027 3104 279 54 introduce
1328 3101 211 54 readers
1561 3109 55 44 to
1638 3099 241 54 teachers
1901 3098 124 66 they
2049 3112 126 50 may
2198 3102 93 44 not
2313 3094 139 52 have
2472 3093 167 52 heard
2658 3091 167 54 much
2847 3091 180 61 about,

948 3197 96 52 but
1072 3195 126 52 who
1227 3194 139 52 have
1395 3192 106 52 had
1531 3208 30 35 a
1591 3198 146 60 great
1765 3189 200 68 impact
1995 3203 71 36 on
2096 3186 137 54 their
2263 3184 257 54 students.
2550 3183 178 54 These
2759 3198 88 36 are
2877 3189 93 44 not
3000 3197 30 36 a

951 3283 252 55 “best-of
1209 3285 11 17 ’
1244 3283 104 61 list,
1373 3299 30 36 a
1420 3283 112 66 Top
1553 3283 107 50 Ten
1775 3296 104 50 any
1904 3277 131 54 such
2057 3277 88 52 list
2165 3274 187 54 would
2372 3274 69 54 be
2461 3274 339 68 remarkably
2822 3271 205 55 biased.

951 3376 176 52 These
1150 3391 87 36 are
1258 3373 224 54 thirteen
1506 3372 145 68 good
1671 3370 302 69 professors
1994 3369 126 52 who
2143 3383 151 38 seem
2313 3375 55 44 to
2389 3365 68 52 be
2479 3365 169 68 doing
2669 3364 38 54 it
2726 3364 156 68 right,
2906 3362 124 54 who

951 3466 139 52 have
1113 3465 331 60 influenced,
1466 3461 345 60 entertained,
1836 3460 104 52 and
1962 3457 247 68 engaged
2231 3457 135 52 their
2391 3457 255 52 students.

954 3649 94 50 We
1066 3646 225 54 decided
1307 3654 54 44 to
1376 3652 211 60 present
1603 3650 140 44 most
1757 3641 63 52 of
1833 3641 146 52 these
1995 3639 301 69 professors
2313 3638 227 68 through
2556 3638 162 63 Q&A
2731 3638 302 50 interviews

956 3745 54 44 to
1035 3737 124 68 give
1183 3735 88 52 the
1294 3735 184 52 reader
1501 3751 30 35 a
1553 3734 107 52 feel
1685 3732 83 52 for
1791 3732 123 52 how
1939 3731 150 52 these
2112 3728 304 69 professors
2441 3743 220 54 express
2687 3726 345 54 themselves.

956 3830 96 49 We
1071 3827 143 68 hope
1233 3825 134 54 their
1384 3824 408 54 conversations
1813 3822 129 52 with
1961 3820 203 52 Herald
2183 3827 261 60 reporters
2463 3817 228 69 provide
2712 3833 30 36 a
2759 3816 274 69 revealing

957 3918 219 68 portrait
1197 3917 65 54 of
1279 3917 87 52 the
1387 3915 320 68 professors,
1732 3913 135 52 their
1890 3910 283 69 strengths,
2197 3909 135 54 their
2353 3909 329 68 challenges.

3035 1443 28 90 ROSS
3036 1545 28 121 KRIBBS

1609 4030 82 76 10
