3126 4141
88 167 54 25 on
159 156 257 50 technology.
435 157 165 38 There's
617 172 22 24 a
658 159 113 36 three
789 173 107 36 page
913 173 211 36 summary
1143 162 44 36 of
1200 164 288 49 Anglo-Ameri-

88 224 74 24 can
183 217 198 44 property
403 214 77 36 law
504 217 43 33 in
567 216 118 49 Moby
706 216 102 43 Dick,
827 217 50 35 all
896 220 236 47 concerning
1153 219 65 35 the
1236 219 77 36 fate
1331 220 44 35 of
1392 233 19 22 a
1431 220 61 36 har-

88 269 161 47 pooned
269 271 142 35 whale.
435 271 200 50 Concepts
658 272 102 35 from
783 274 172 49 popular
975 274 198 38 literature
1195 277 77 35 and
1296 279 217 47 secondary

88 335 156 25 sources
258 326 145 36 started
417 328 99 36 with
529 328 109 36 these
652 329 252 47 hypotheses.
920 331 39 35 In
975 331 74 35 fact
1061 331 121 36 much
1195 332 132 49 public
1340 334 129 49 policy
1482 337 31 33 is

88 383 222 46 prescribed
326 394 54 24 on
394 383 142 36 shared
551 384 167 36 cultural
734 387 159 35 notions
906 386 181 38 between
1102 387 150 36 human
1268 391 77 35 and
1361 392 153 35 natural

88 439 283 35 environment.

145 496 137 47 Rarely
302 496 52 35 do
373 496 132 50 policy
524 498 154 36 makers
699 499 200 36 articulate
918 501 76 36 this
1014 501 265 50 relationship,
1298 502 71 38 but
1386 515 101 25 some-

87 551 113 35 times
214 551 170 49 popular
400 553 195 38 literature
609 565 82 25 can.
707 556 63 36 It's
784 567 22 25 a
819 567 91 38 way
923 557 43 35 of
976 559 208 47 capturing
1198 559 180 36 students
1392 565 101 31 atten-

87 609 91 35 tion.
192 609 65 35 It's
268 613 72 31 not
351 609 169 36 abstract
531 611 134 49 public
677 611 132 50 policy
820 613 132 36 where
965 614 131 47 policy
1109 616 154 36 makers
1277 616 235 38 themselves

87 661 140 39 dictate
244 663 65 38 the
324 668 128 47 origin
469 666 44 38 of
526 668 135 49 policy.
680 669 63 35 It's
761 680 20 24 a
800 680 88 38 way
904 669 60 36 for
980 671 181 36 students
1178 677 39 30 to
1235 677 93 31 start
1342 679 41 30 to
1398 685 112 38 ques-

85 726 83 31 tion
192 732 43 25 or
257 726 209 46 recognize
487 726 68 35 the
575 737 90 38 spec-

85 781 110 31 trum
219 778 43 36 of
283 778 129 38 belief
435 780 87 38 that
546 783 139 35 exists.

85 835 107 49 They
205 836 244 36 understand
463 836 102 38 from
580 838 107 36 there

83 890 99 38 how
216 904 82 25 one
331 893 139 49 might
502 906 184 39 manage

83 948 153 36 natural
250 961 198 25 resources
461 962 43 25 as
518 964 22 24 a
554 953 129 35 result.

140 1005 46 36 In
209 1017 20 24 a
255 1017 134 31 sense,
414 1009 30 33 it
465 1008 145 36 would
635 1009 49 35 be

83 1063 109 47 quite
208 1074 94 38 easy
318 1068 39 31 to
376 1063 145 38 lecture
539 1077 52 24 on
609 1066 74 36 this

83 1118 186 36 material
294 1120 183 49 through
501 1123 183 47 primary

82 1175 211 36 historical
318 1176 156 44 record,
498 1178 76 36 but
598 1181 28 33 it
650 1181 33 35 is

82 1230 120 38 much
219 1244 110 25 more
346 1236 198 47 engaging
562 1239 39 31 to
619 1247 65 24 see

82 1288 83 35 that
191 1288 175 50 through
391 1290 65 36 the
479 1304 96 36 eyes
597 1291 44 36 of
661 1306 20 24 a

80 1343 200 46 character,
293 1346 13 35 I
317 1346 120 36 think.
450 1348 13 35 I
476 1353 60 44 try
546 1353 39 31 to
595 1361 66 38 pro-

80 1400 93 38 vide
184 1403 187 49 episodes
384 1403 80 38 that
479 1417 63 24 are
556 1405 74 50 key
644 1408 39 35 in

80 1458 209 38 American
309 1460 156 50 history,
487 1461 104 36 from
609 1463 49 35 Eu-

80 1526 146 39 ropean
239 1517 151 38 culture
403 1523 39 33 to
454 1518 225 38 Thoreau...

80 1572 65 38 the
161 1573 165 36 cultural
343 1578 219 44 expansion
580 1576 102 36 West

80 1658 30 6 ...
131 1630 65 38 the
213 1633 139 35 notion
369 1633 83 36 that
468 1635 211 36 westward

79 1687 69 36 lies
169 1687 189 38 freedom.
381 1688 88 38 One
490 1691 128 49 might
638 1704 41 24 as

77 1743 90 36 well
183 1748 65 46 get
261 1745 83 38 that
361 1746 102 36 from
479 1748 202 36 Whitman

79 1811 43 25 or
140 1800 189 36 Thoreau.
350 1802 80 38 The
449 1805 102 35 Dust
572 1805 107 36 Bowl

77 1869 82 24 was
172 1869 20 24 a
205 1860 124 47 major
339 1865 117 31 event
466 1866 71 30 not
548 1872 110 25 neces-

77 1913 117 49 sarily
205 1915 39 35 in
257 1920 120 31 terms
389 1917 43 36 of
439 1918 156 47 people,
608 1918 71 36 but

77 1972 41 35 in
143 1975 128 35 terms
296 1972 44 38 of
364 1984 20 25 a
411 1975 180 49 catalyst
614 1975 65 36 for

76 2027 159 50 change.
247 2028 112 36 From
370 2028 98 38 local
479 2036 41 31 to
531 2031 146 36 federal

74 2090 261 43 government
350 2088 231 47 regulation.

76 2140 50 44 Q.
151 2140 101 49 Why
277 2140 54 38 do
354 2154 79 36 you
458 2142 115 39 think
595 2148 61 33 stu-

74 2194 117 41 dents
209 2197 91 39 take
318 2209 99 36 your
436 2200 172 38 classes?

72 2254 47 35 A.
140 2254 109 44 Well,
269 2255 66 36 the
353 2257 151 38 Center
521 2258 61 36 for
600 2260 50 36 En-

72 2313 306 35 vironmental
417 2315 183 36 Studies
638 2318 36 35 is

72 2367 131 44 small,
217 2369 82 36 and
313 2383 126 36 many
452 2372 44 36 of
509 2372 68 38 the
592 2376 61 33 stu-

72 2424 128 38 dents
227 2427 43 35 in
296 2427 72 36 the
395 2427 279 50 department

71 2485 117 33 enter
209 2483 30 35 it
261 2483 104 36 with
391 2496 52 24 an
468 2485 205 38 idealistic

69 2540 121 35 view.
217 2540 134 36 These
378 2542 200 36 students
605 2556 68 24 are

71 2595 198 36 attracted
291 2600 41 33 to
356 2598 54 36 ES
431 2598 151 38 classes
603 2600 46 36 be-

69 2661 123 27 cause
206 2654 44 35 of
261 2665 20 24 a
296 2655 194 47 personal
504 2658 169 35 interest

69 2707 80 36 and
175 2709 145 38 desire.
343 2712 222 49 Engineers
589 2713 80 35 and

69 2765 161 36 natural
252 2769 159 35 science
433 2775 213 31 concentra-

69 2825 82 31 tors
169 2827 66 44 get
252 2822 69 38 the
337 2827 276 49 opportunity
628 2831 41 31 to

69 2877 94 36 look
176 2883 39 31 at
227 2879 69 36 the
309 2879 157 52 history
479 2882 43 36 of
532 2883 137 49 policy

68 2934 180 50 making.
268 2937 54 36 ES
342 2939 71 35 153
428 2940 85 46 just
531 2939 117 36 devel-

68 2992 109 49 oped
198 3003 20 25 a
239 2992 219 52 following
476 2994 55 50 by
550 2997 118 36 word

66 3046 44 38 of
128 3049 159 44 mouth;
304 3050 69 36 the
392 3052 191 36 students
602 3065 68 25 are

68 3106 254 50 incredibly
359 3107 183 38 diverse
581 3110 87 36 and

66 3159 107 38 from
189 3175 20 24 a
227 3162 60 36 lot
302 3164 44 36 of
362 3164 195 38 different
573 3178 71 24 con-

66 3220 261 36 centrations.

66 3274 50 44 Q.
135 3274 118 38 What
272 3274 54 39 do
345 3288 79 36 you
444 3282 65 44 get
529 3283 69 31 out
617 3279 44 36 of
677 3279 209 52 teaching?

65 3331 47 35 A.
129 3331 231 39 Enormous
376 3334 203 49 pleasure.
609 3337 14 35 I
641 3337 112 36 learn
770 3350 20 24 a
808 3339 57 36 lot
880 3339 106 36 from
1002 3340 68 36 the
1085 3353 176 38 process.
1279 3343 14 35 I
1310 3348 66 44 get
1391 3343 72 38 ben-

65 3386 93 38 efits
175 3387 104 36 from
293 3389 102 38 both
409 3391 187 50 learning
613 3392 82 36 and
710 3394 202 50 teaching.
929 3395 194 38 Students
1140 3409 66 25 are
1220 3400 266 50 enormously

63 3446 277 46 provocative.
356 3447 13 35 I
383 3458 113 25 came
512 3447 106 38 from
630 3449 66 36 the
709 3450 124 49 being
846 3454 43 33 in
901 3452 68 36 the
983 3454 113 35 adult
1109 3454 132 36 world
1255 3457 85 35 into
1356 3457 110 36 teach-

63 3501 69 47 ing
151 3499 203 39 students.
375 3504 14 35 I
408 3502 90 38 find
517 3504 139 36 adults
674 3506 109 49 rigid
800 3509 220 47 compared
1041 3513 41 31 to
1099 3510 203 38 students.
1335 3513 151 36 Adults

61 3556 131 36 won't
209 3556 118 38 think
348 3557 44 36 of
409 3572 91 24 new
521 3573 113 36 ways
655 3565 41 31 to
717 3562 118 36 think
852 3564 44 36 of
913 3565 219 47 problems.
1154 3567 195 38 Students
1369 3569 118 38 don't

61 3609 106 38 have
184 3611 69 38 the
271 3614 233 47 prejudices
521 3617 140 36 adults
679 3617 117 36 have.
816 3619 110 49 They
945 3633 65 24 are
1027 3633 109 38 open
1154 3627 41 31 to
1214 3627 151 46 testing
1383 3625 104 36 their

61 3679 96 25 own
173 3669 148 36 beliefs
339 3671 80 35 and
438 3671 345 52 understanding.

120 3723 13 35 I
153 3723 87 38 also
260 3724 93 38 love
373 3726 66 38 the
460 3728 142 49 ability
620 3731 14 35 I
652 3729 107 36 have
780 3735 39 30 to
838 3734 254 47 experiment
1110 3746 43 24 as
1173 3746 19 24 a
1213 3735 170 38 teacher.
1402 3739 83 36 The

61 3778 54 38 ES
131 3780 265 49 department
413 3783 74 38 has
502 3783 107 38 been
625 3787 269 49 enormously
910 3800 213 36 generous.
1142 3792 83 35 The
1243 3792 91 36 idea
1353 3798 41 31 to
1411 3806 72 25 use

61 3836 178 47 popular
252 3836 209 39 literature
477 3844 41 31 to
532 3841 167 49 explore
712 3844 219 35 American
945 3846 195 36 attitudes
1156 3852 41 31 to
1209 3849 165 47 explain
1389 3861 71 25 con-

60 3896 115 44 cepts
195 3893 44 36 of
258 3901 198 44 property
479 3896 129 49 rights
630 3899 31 35 is
685 3904 72 30 not
778 3899 68 38 the
866 3913 91 36 way
981 3913 19 24 a
1022 3913 145 27 course
1191 3904 79 36 like
1290 3906 80 36 this
1392 3918 90 24 nor-

1583 165 126 50 mally
1731 169 143 36 would
1896 169 52 36 be
1973 170 157 49 taught.
2157 172 13 36 I

1583 235 72 24 can
1677 224 85 36 also
1783 236 72 25 use
1874 227 296 47 experimental

1583 279 187 50 teaching
1794 280 124 50 styles
2011 282 135 38 discus-

1583 339 90 33 sion
1696 337 80 36 and
1802 339 170 36 student
1995 339 66 36 led
2087 340 82 35 dis-

1581 395 176 33 cussion.
1773 394 66 36 It's
1854 406 20 24 a
1888 398 175 33 creative
2077 409 90 35 pro-

1581 461 85 24 cess
1680 452 41 33 in
1734 461 68 38 my
1814 452 126 36 work.
1956 452 129 36 When
2098 454 156 50 dealing
2265 455 96 36 with
2370 460 228 47 competing
2608 458 132 50 public
2748 460 131 52 policy
2887 460 90 54 prob-

1581 506 96 36 lems
1688 507 77 36 and
1778 509 175 36 interests
1965 510 41 35 in
2019 510 68 36 the
2101 515 93 33 next
2208 515 252 46 generation,
2472 513 14 36 I
2502 513 90 38 find
2606 517 28 35 it
2647 515 197 50 provides
2857 529 22 27 a
2890 515 109 43 wide

1580 575 124 36 range
1721 564 44 36 of
1780 575 208 25 resources
2006 570 41 31 to
2063 565 154 38 handle
2235 567 113 38 these
2365 570 224 47 problems.

1636 619 13 35 I
1669 625 112 30 want
1800 625 41 31 to
1861 624 93 47 give
1975 622 191 38 students
2184 624 68 38 the
2272 625 93 36 idea
2386 627 87 36 that
2493 628 257 38 institutions
2769 641 68 27 are
2854 630 145 50 plastic

1580 676 80 36 and
1679 676 85 38 that
1780 677 112 36 there
1909 679 33 35 is
1961 690 20 24 a
2000 679 55 36 lot
2072 679 44 36 of
2131 691 117 25 room
2265 680 63 38 for
2343 682 170 50 change.

2424 740 52 46 Q.
2496 742 104 36 How
2614 740 69 39 did
2699 753 80 39 you
2794 742 146 41 decide
2954 748 44 35 to

2424 808 50 38 go
2494 797 85 39 into
2597 797 211 54 teaching?

2422 854 47 36 A.
2485 855 33 36 It
2529 868 87 25 was
2627 855 313 52 serendipitous,
2951 869 47 27 or

2422 912 260 52 something
2709 913 134 52 along
2869 913 129 41 those

2422 967 118 39 lines.
2557 969 85 38 The
2661 970 82 50 Bay
2759 972 154 50 project
2928 970 47 41 be-

2420 1036 83 38 gan
2517 1027 43 35 in
2573 1025 63 36 'B7
2649 1027 82 36 and
2742 1027 57 52 by
2811 1027 90 39 '921
2913 1027 82 41 had

2420 1082 238 50 completed
2679 1096 69 38 my
2765 1083 68 50 job
2852 1083 46 39 of
2913 1085 61 38 col-

2420 1137 161 52 lecting
2603 1139 194 39 baseline
2820 1140 113 39 data.
2980 1140 16 41 I

2419 1206 88 25 saw
2531 1208 54 25 an
2608 1195 323 41 advertisement
2953 1200 44 38 in

2419 1252 167 36 Science
2602 1255 216 49 magazine
2835 1254 63 39 for
2913 1254 82 41 this

2417 1312 209 46 position
2661 1310 88 38 and
2784 1310 16 38 I
2835 1310 161 41 hadn't

2419 1365 191 50 thought
2635 1365 134 39 about
2792 1367 202 54 teaching

2417 1422 107 38 until
2540 1424 112 38 then.

2477 1479 79 38 I'm
2580 1479 243 54 incredibly
2844 1480 150 54 happy

2417 1535 107 39 here.
2540 1537 16 38 I
2569 1537 58 38 do
2636 1537 94 38 love
2743 1542 44 35 to
2800 1539 96 39 read
2909 1540 83 39 and

2417 1592 83 39 I've
2515 1606 128 25 never
2655 1594 85 39 had
2754 1594 68 41 the
2835 1598 101 38 time
2948 1600 44 36 to

2417 1652 104 36 read
2551 1663 47 25 as
2624 1652 169 54 widely
2817 1665 49 28 as
2891 1654 16 39 I
2932 1654 60 41 do

2416 1720 106 25 now.
2539 1709 69 38 It's
2625 1721 20 25 a
2663 1709 150 52 luxury
2827 1715 44 33 to
2883 1710 109 41 have

2416 1765 173 50 reading
2605 1765 52 39 be
2676 1778 22 25 a
2715 1769 277 49 requirement

2414 1820 46 38 of
2474 1822 82 38 this
2570 1822 80 49 job.

2472 1879 76 36 I'm
2570 1879 79 52 shy
2669 1879 83 39 and
2775 1880 16 38 I
2811 1887 69 46 get
2899 1891 68 30 ner-

2411 1946 118 27 vous
2557 1935 139 39 about
2721 1937 224 54 teaching.
2972 1939 16 39 I

2413 1992 137 38 didn't
2569 2005 54 39 go
2641 1998 43 33 to
2701 1992 143 41 school
2860 2000 44 35 to
2918 1995 47 41 be-

2411 2061 120 27 come
2556 2061 22 27 a
2602 2050 167 38 teacher
2791 2052 83 38 and
2896 2063 69 43 pre-

2411 2118 101 38 pare
2532 2118 71 39 my
2624 2107 139 39 whole
2783 2107 69 41 life
2872 2113 44 35 to
2935 2109 52 39 be

2411 2164 41 36 in
2476 2164 82 36 this
2581 2164 247 50 profession,
2850 2176 49 28 so
2918 2165 68 41 it's

2409 2219 88 38 still
2523 2231 22 27 a
2569 2220 224 52 challenge
2814 2222 66 39 for
2904 2235 82 35 me,

2409 2277 139 36 which
2565 2277 142 39 makes
2724 2279 31 38 it
2772 2279 74 39 fun
2861 2279 83 41 and
2961 2290 24 30 a

2409 2334 238 39 wonderful
2660 2339 272 50 opportunity
2942 2342 43 35 at

2409 2391 69 36 the
2494 2402 115 27 same
2625 2394 110 36 time.

2409 2447 52 46 Q.
2488 2446 121 41 What
2638 2447 31 39 is
2694 2447 71 41 the
2791 2454 106 36 most
2921 2461 41 28 re-

2408 2502 183 52 warding
2614 2509 142 47 aspect
2780 2506 46 39 of
2844 2506 117 41 teach-

2409 2559 85 50 ing?

2406 2617 49 36 A.
2482 2617 85 38 The
2591 2617 94 39 best
2707 2619 123 52 thing
2852 2622 36 38 is
2910 2619 72 43 the

2406 2674 228 39 students.
2709 2677 93 38 I've
2839 2677 143 54 really

2405 2731 135 38 found
2557 2731 80 39 this
2654 2732 269 54 relationship
2937 2740 46 35 to

2403 2787 52 38 be
2479 2789 272 52 enormously
2772 2792 211 52 engaging

2405 2844 85 38 and
2515 2844 274 52 productive.
2814 2846 87 43 The
2923 2846 60 43 ES

2403 2902 153 38 Center
2578 2902 128 52 really
2728 2915 252 43 encourages

2403 2957 157 52 faculty
2575 2959 83 38 and
2674 2959 170 39 student
2858 2962 102 39 inter-

2403 3017 148 35 action.

2403 3071 55 46 Q.
2494 3072 66 36 Do
2592 3082 87 39 you
2709 3071 58 41 do
2795 3083 87 41 any
2910 3083 46 30 re-

2402 3126 165 39 search?

2402 3183 49 38 A.
2469 3184 14 36 I
2499 3184 228 39 submitted
2743 3197 22 27 a
2781 3186 197 39 proposal

1556 3236 41 33 to
1617 3236 117 35 write
1756 3246 19 25 a
1816 3236 241 50 screenplay
2096 3236 126 39 about
2244 3239 68 38 the
2331 3241 186 50 collapse
2535 3241 47 38 of
2600 3243 189 39 fisheries
2809 3244 43 38 in
2871 3244 106 39 New

1556 3290 198 49 England,
1769 3290 74 38 but
1858 3293 14 35 I
1888 3291 139 38 didn't
2041 3298 68 46 get
2124 3294 180 52 funding
2320 3296 63 36 for
2398 3299 43 35 it.
2458 3298 14 36 I
2488 3298 91 38 also
2594 3298 235 52 developed
2844 3312 54 28 an
2912 3310 44 30 ur-

1553 3345 82 38 ban
1660 3357 112 38 open
1794 3359 126 38 space
1943 3350 258 38 curriculum
2225 3351 88 39 that
2339 3356 35 35 is
2398 3365 98 27 now
2520 3354 129 52 being
2672 3356 302 52 implemented

1554 3402 178 52 through
1753 3403 54 36 ES
1827 3405 41 36 11
1890 3406 43 35 in
1953 3406 265 38 Providence.
2238 3409 74 35 I'm
2348 3409 183 52 heading
2550 3424 115 27 more
2683 3413 82 38 and
2784 3424 113 30 more
2913 3417 43 36 to-

1553 3460 112 36 ward
1679 3461 121 35 social
1816 3463 156 35 science
1984 3463 80 36 and
2079 3463 261 46 humanities,
2351 3466 76 38 but
2438 3471 159 35 science
2609 3469 80 38 still
2702 3469 117 52 plays
2830 3482 24 27 a
2866 3471 110 52 large

1553 3515 82 36 role
1647 3518 41 33 in
1702 3528 69 38 my
1783 3517 159 38 classes.
1957 3520 13 35 I
1983 3531 87 25 was
2082 3521 157 36 trained
2254 3532 44 25 as
2310 3534 22 24 a
2346 3524 192 38 scientist.
2553 3524 74 38 I'm
2638 3528 137 49 trying
2784 3531 43 35 to
2838 3537 137 43 merge

1553 3572 192 38 different
1759 3575 132 35 world
1909 3576 131 35 views
2057 3578 43 35 in
2115 3589 69 38 my
2200 3578 165 38 classes.

1553 3627 49 44 Q.
1617 3627 107 38 After
1740 3627 115 52 being
1871 3641 22 25 a
1910 3631 214 49 practicing
2140 3633 187 46 scientist,
2343 3646 49 25 an
2409 3639 183 47 attorney
2606 3636 77 39 and
2699 3649 24 28 a
2735 3638 170 49 teacher,
2918 3638 57 41 do

1551 3694 74 36 you
1643 3683 107 38 think
1765 3696 77 36 you
1860 3685 74 38 will
1953 3687 98 38 stick
2066 3688 93 36 with
2175 3688 205 52 teaching?

1550 3740 46 35 A.
1609 3740 57 36 I'd
1679 3740 77 36 like
1767 3746 39 31 to
1817 3742 99 50 keep
1931 3743 191 50 teaching.
2135 3746 14 35 I
2162 3745 90 38 love
2261 3748 110 36 what
2383 3748 72 38 I'm
2466 3748 126 52 doing
2602 3750 104 50 right
2717 3764 101 27 now.
2827 3751 94 41 And
2931 3754 44 38 in

1550 3795 66 38 the
1635 3800 313 36 environmental
1987 3800 153 38 studies
2161 3806 296 36 concentration
2476 3817 202 39 program,
2696 3808 98 38 each
2809 3809 164 39 student

1550 3858 106 30 must
1671 3855 112 35 write
1800 3866 20 24 a
1838 3854 132 44 thesis,
1989 3868 46 25 so
2052 3858 13 35 I
2082 3861 66 44 get
2164 3861 39 35 to
2220 3860 101 49 keep
2340 3872 69 38 my
2425 3861 109 38 hand
2551 3865 43 35 in
2609 3861 68 39 the
2691 3863 135 50 public
2841 3865 132 52 policy

1550 3909 137 38 world.
1699 3910 14 36 I
1726 3910 83 38 find
1824 3913 28 35 it
1861 3923 22 25 a
1894 3923 98 39 very
2003 3913 203 50 enjoyable
2217 3917 280 39 combination.
2510 3918 82 39 The
2602 3920 178 38 decision
2789 3924 43 35 to
2841 3926 88 47 stay
2937 3923 35 38 iB

1550 3970 68 30 not
1635 3965 162 50 entirely
1817 3980 54 38 up
1891 3973 39 31 to
1951 3981 76 24 me.
2047 3970 14 36 I
2079 3983 85 25 was
2183 3972 112 38 hired
2313 3984 44 25 as
2378 3986 20 24 a
2419 3975 173 44 lecturer,
2611 3975 82 39 and
2712 3976 71 38 I'm
2800 3975 112 43 hired
2929 3983 44 35 to

1550 4022 120 36 teach.
1685 4024 63 36 It's
1764 4036 19 24 a
1800 4025 194 49 mutually
2008 4027 203 49 agreeable
2225 4028 266 52 relationship.

61 3987 283 49 INTERVIEW
365 3992 61 46 BY
444 3994 162 46 ANNE
628 3995 258 46 FENTRESS

2115 3164 91 28 ROSS
2220 3165 121 28 KRIBBS

1468 4072 90 65 15

2354 209 277 47 TEACHING
2650 211 66 46 AT
2735 214 213 46 BROWN:

2324 276 658 74 CONVERSATIONS
