3126 4141
3 2542 80 57 hing
101 2542 91 36 with
211 2543 66 38 the
296 2545 112 36 other
425 2546 189 38 demands
647 2548 43 36 of
704 2548 115 50 being
836 2564 20 24 a
874 2551 216 47 professor?

3 2600 13 55 d
35 2609 74 31 me,
128 2600 181 50 teaching
326 2603 31 35 is
378 2603 63 36 the
458 2603 131 38 whole
608 2606 123 49 thing,
748 2608 176 36 whether
943 2611 25 33 it
987 2613 31 33 is
1036 2613 39 33 in
1093 2614 176 35 research
1287 2625 43 25 or

3 2654 76 52 ther
91 2657 61 35 it's
169 2657 61 36 the
244 2658 225 44 classroom,
483 2672 44 24 or
540 2661 178 38 whether
731 2665 60 35 it's
805 2677 241 27 one-on-one
1058 2669 243 36 instruction.
1317 2672 13 33 I

3 2710 47 63 he
69 2712 131 36 whole
222 2713 110 50 thing
353 2728 43 24 as
416 2717 189 50 teaching.
628 2720 41 35 In
690 2724 118 31 terms
828 2721 43 35 of
883 2723 77 47 just
983 2723 63 36 the
1065 2729 263 44 preparation,

3 2769 77 66 gets
93 2769 165 39 divided
274 2784 54 36 up
343 2784 109 25 more
465 2786 54 24 on
532 2786 19 24 a
567 2775 293 52 calendar-type
874 2780 113 43 basis,
1002 2781 169 36 because
1184 2783 145 52 during

3 2825 94 65 srms
112 2825 142 38 there's
268 2839 54 24 no
335 2833 183 44 question
532 2831 82 36 that
630 2833 63 36 the
707 2833 121 36 hours
843 2836 180 49 required
1038 2838 58 35 for
1110 2838 66 36 the
1189 2852 115 38 prepa-

3 2885 35 58 n,
54 2885 151 47 getting
219 2885 120 49 ready
356 2887 58 35 for
430 2887 65 36 the
512 2888 162 38 lectures
753 2891 91 49 they
860 2893 101 36 have
976 2898 38 31 to
1030 2901 65 43 get
1110 2894 106 38 done
1233 2896 93 38 first,

3 2939 3 52 i
25 2939 39 35 in
82 2939 66 36 the
167 2945 272 35 summertime
460 2945 77 35 and
557 2956 52 25 on
630 2946 63 35 the
710 2946 151 44 breaks,
882 2951 175 35 research
1074 2964 72 24 can
1164 2953 164 38 become

3 2995 60 63 irst
77 2997 118 43 issue,
208 2997 72 36 but
294 2998 14 36 I
324 3003 60 44 try
398 3005 41 30 to
452 3002 102 35 view
572 3002 65 36 the
650 3003 131 36 whole
797 3005 110 49 thing
923 3017 39 25 as
980 3008 191 50 teaching,

3 3049 77 61 fhat
96 3052 307 39 circumstances
420 3057 143 36 caused
581 3069 76 36 you
674 3063 41 31 to
732 3060 150 50 change
898 3072 153 27 careers
1065 3063 77 38 and
1161 3063 165 41 become

3 3106 131 61 â€¢fessor
151 3109 98 38 after
266 3112 173 50 working
458 3112 35 38 in
515 3113 172 50 industry
702 3115 61 38 for
780 3129 43 25 so
843 3118 107 49 long?

3 3164 74 65 had
96 3164 101 38 been
217 3173 38 30 at
274 3169 169 36 General
463 3170 157 38 Electric
639 3173 61 35 for
721 3175 44 35 18
786 3187 121 36 years,
928 3178 77 35 and
1027 3180 28 33 it
1074 3191 83 24 was
1178 3191 19 25 a
1219 3186 107 43 great

3 3224 5 55 !
25 3225 41 33 to
83 3224 121 36 work.
228 3225 11 35 I
260 3225 129 36 didn't
408 3227 101 36 have
529 3241 76 36 any
624 3231 235 47 complaints
879 3233 120 36 about
1017 3235 82 35 that
1118 3241 36 30 at
1175 3236 60 43 all,
1255 3236 71 38 but

3 3277 69 61 iust
91 3277 169 39 decided
282 3280 82 38 that
386 3283 9 35 I
417 3285 159 36 wanted
597 3290 41 31 to
658 3291 60 44 try
737 3288 224 50 something
981 3302 94 24 new.
1096 3293 93 35 And
1213 3294 11 33 I
1246 3294 77 35 had

3 3334 41 60 ys
63 3334 170 50 thought
254 3339 82 35 that
354 3339 14 35 I
387 3340 137 36 would
543 3343 117 47 enjoy
680 3345 189 49 teaching.
890 3346 79 35 The
987 3346 146 38 chance
1153 3354 39 30 to
1213 3362 112 25 come

3 3394 106 58 came
120 3403 68 38 up,
202 3394 79 35 and
293 3395 28 35 it
332 3408 83 24 was
427 3397 77 47 just
517 3408 19 25 a
550 3398 107 47 good
669 3398 154 38 chance.
839 3402 11 35 I
865 3402 153 50 figured
1031 3405 13 35 I
1057 3417 83 24 was
1153 3406 121 36 about
1287 3413 36 30 at

3 3446 146 50 alfway
164 3452 112 46 point
291 3452 39 35 in
348 3465 66 36 my
430 3465 135 31 career,
583 3455 79 36 and
679 3469 65 35 my
761 3458 128 36 oldest
902 3460 104 35 child
1024 3472 83 24 was
1120 3463 77 47 just
1213 3469 91 30 start-

3 3504 68 47 igh
83 3504 148 43 school,
247 3518 44 24 so
309 3507 28 35 if
351 3509 11 35 I
378 3521 82 24 was
474 3512 121 47 going
611 3517 39 30 to
665 3524 129 31 move,
809 3517 27 33 it
850 3528 82 24 was
948 3528 19 24 a
984 3518 106 46 good
1106 3521 93 33 time
1214 3524 41 31 to
1269 3521 54 35 do

3 3561 71 60 was
88 3561 121 49 really
224 3573 50 25 an
290 3565 157 35 interest
460 3569 41 33 in
517 3567 180 50 teaching
712 3570 80 36 that
805 3572 172 49 brought
992 3584 61 24 me
1069 3573 101 44 here,
1187 3576 77 36 and
1282 3580 39 33 in

3 3616 106 61 cular,
124 3620 129 47 trying
266 3625 41 30 to
321 3620 87 36 take
422 3622 50 35 all
485 3622 109 38 these
606 3636 112 36 years
734 3627 38 33 in
786 3627 181 50 industry
980 3630 77 36 and
1072 3643 71 25 use
1157 3631 107 38 them
1279 3646 41 24 as

3 3671 36 66 of
57 3674 181 49 teaching
255 3677 183 36 students
457 3679 93 36 who
569 3682 135 35 would
726 3694 50 36 go
795 3687 80 33 into
894 3688 157 33 various
1072 3693 113 44 types
1205 3690 43 35 of
1265 3693 38 31 in-

6 3728 50 36 ial
68 3729 87 47 jobs
170 3729 101 38 later.

3 3783 57 60 ow
77 3783 66 38 did
161 3798 76 36 you
254 3787 76 38 feel
350 3800 49 25 on
419 3802 96 36 your
531 3791 82 38 first
630 3792 74 50 day
723 3794 41 36 of
778 3795 120 38 class?

5 3839 96 36 hink
120 3843 66 35 the
205 3844 104 49 right
328 3849 183 46 question
529 3849 107 36 there
657 3852 30 35 is
707 3852 91 35 how
819 3852 68 36 did
909 3855 13 33 I
942 3854 71 36 feel
1035 3855 96 36 after
1151 3858 63 36 the
1235 3860 83 35 first

3 3896 39 61 re.
65 3896 11 35 I
94 3904 107 30 went
222 3902 50 39 in,
291 3902 79 35 and
392 3904 13 35 I
424 3915 82 24 was
526 3904 143 52 feeling
687 3913 128 43 pretty
833 3912 117 46 good.
972 3912 13 35 I
1003 3924 80 22 was
1106 3915 38 33 in
1164 3926 20 22 a
1205 3915 112 36 small

14 3954 41 33 in
69 3953 120 38 Barus
205 3956 77 35 and
299 3957 148 49 Holley,
463 3961 126 36 Room
603 3964 82 41 455,
701 3964 77 35 and
795 3964 139 38 there's
948 3973 66 28 not
1030 3981 19 22 a
1065 3969 55 36 lot
1134 3970 43 35 of
1187 3970 129 36 black-

1397 2548 123 38 board
1539 2564 126 35 space.
1683 2553 79 36 The
1780 2554 123 36 board
1923 2557 30 33 is
1973 2569 49 24 an
2041 2557 68 36 old
2126 2559 252 46 blackboard,
2397 2564 61 36 it's
2477 2576 129 38 green,
2627 2569 77 35 and
2724 2570 60 35 it's
2803 2581 17 25 a

1397 2608 112 35 small
1528 2619 112 24 room
1657 2609 77 35 and
1751 2613 27 33 it
1795 2624 135 25 covers
1948 2614 65 36 the
2030 2616 131 36 whole
2178 2617 102 36 front
2298 2619 43 36 of
2354 2620 66 36 the
2438 2635 123 24 room.
2578 2624 13 35 I
2608 2625 157 35 wanted
2784 2628 36 33 in

1397 2661 76 36 this
1485 2663 83 36 first
1580 2665 143 38 lecture
1735 2671 38 31 to
1787 2679 69 25 use
1869 2680 110 24 some
1994 2671 230 44 overheads,
2239 2676 77 36 and
2331 2687 44 25 so
2389 2677 13 35 I
2414 2677 79 35 had
2509 2683 38 30 to
2561 2682 145 47 project
2718 2682 102 36 them

1395 2724 94 31 onto
1509 2732 19 24 a
1545 2721 85 36 side
1647 2723 90 35 wall
1754 2724 129 36 which
1901 2739 83 24 was
2002 2728 132 44 white,
2153 2731 77 35 and
2249 2732 104 35 walk
2372 2734 102 36 from
2491 2735 65 36 the
2573 2737 247 44 blackboard,

1395 2775 79 36 and
1485 2776 65 36 the
1561 2791 110 24 room
1682 2791 80 25 was
1775 2792 20 24 a
1808 2781 93 36 little
1909 2781 57 36 bit
1976 2784 184 38 crowded
2175 2787 77 36 and
2265 2791 27 33 it
2301 2791 77 46 just
2387 2791 161 36 seemed
2561 2805 93 38 very
2665 2794 154 50 clumsy.

1395 2833 106 36 Then
1517 2846 91 24 near
1622 2835 65 36 the
1701 2836 77 36 end
1794 2838 43 35 of
1847 2838 65 36 the
1928 2839 154 44 lecture,
2099 2843 11 35 I
2126 2846 159 35 wanted
2301 2852 41 30 to
2356 2852 74 43 put
2444 2847 76 38 this
2535 2849 104 49 large
2655 2852 99 35 table
2769 2865 52 24 on

1395 2888 63 36 the
1471 2890 134 44 board,
1619 2893 77 35 and
1709 2894 28 35 it
1748 2894 153 36 sounds
1915 2898 137 41 trivial,
2065 2898 71 36 but
2148 2899 178 52 learning
2339 2904 91 35 how
2444 2909 39 31 to
2496 2917 117 38 space
2625 2907 131 49 things
2769 2921 52 24 on

1395 2957 19 24 a
1431 2946 236 38 blackboard
1688 2950 107 36 takes
1814 2964 112 24 some
1943 2956 178 46 practice,
2142 2957 79 35 and
2239 2961 27 33 it
2282 2961 79 47 just
2378 2965 69 43 got
2465 2964 82 35 into
2567 2975 19 24 a
2606 2975 113 25 mess.
2740 2965 47 36 So
2806 2967 14 35 I

1394 3003 143 36 started
1559 3009 68 31 out
1647 3005 106 49 okay,
1773 3006 72 36 but
1865 3013 36 30 at
1921 3008 65 36 the
2005 3011 77 36 end
2106 3013 13 35 I
2137 3013 181 50 thought,
2461 3017 101 36 God.
2584 3019 90 36 This
2694 3024 31 33 is
2743 3024 76 46 just

1613 3061 49 35 At
1677 3061 65 36 the
1756 3065 77 35 end
1850 3065 41 36 of
1906 3066 65 36 the
1987 3068 80 36 first
2083 3069 145 36 lecture
2244 3072 13 33 I
2272 3071 68 36 felt
2354 3077 80 31 sort
2450 3074 43 36 of
2507 3076 132 43 down,
2655 3077 69 35 but
2740 3091 77 36 you

1394 3115 139 38 realize
1543 3117 82 38 that
1639 3118 49 36 all
1701 3120 43 36 of
1756 3121 65 35 the
1833 3121 93 36 little
1942 3123 228 50 techniques
2184 3139 80 36 you
2277 3129 101 36 need
2395 3135 38 30 to
2447 3137 65 44 get
2526 3132 104 49 good
2646 3139 47 38 at,
2709 3134 110 38 those

1394 3173 227 49 techniques
1638 3176 77 47 just
1734 3178 99 35 need
1857 3191 19 24 a
1899 3180 52 36 lot
1970 3181 43 35 of
2031 3186 178 44 practice.
2233 3186 71 36 But
2326 3187 79 36 I've
2424 3189 148 49 always
2592 3191 165 49 enjoyed
2780 3195 36 39 it,

1392 3228 77 36 and
1491 3230 13 35 I
1526 3230 91 36 look
1639 3231 170 38 forward
1831 3239 41 30 to
1893 3236 38 41 it,
1954 3236 77 36 and
2057 3238 11 35 I
2090 3238 112 38 think
2222 3254 82 35 you
2326 3243 54 36 do
2402 3246 180 49 improve
2605 3258 39 24 as
2665 3260 80 35 you
2767 3260 50 38 go

1392 3287 169 49 through
1576 3299 19 24 a
1613 3301 137 24 course
1765 3291 77 35 and
1860 3304 79 33 you
1956 3294 118 35 teach.

1392 3343 47 43 Q.
1461 3343 76 35 Has
1553 3343 183 50 teaching
1751 3346 140 36 turned
1909 3354 68 30 out
1994 3348 66 38 the
2077 3364 85 36 way
2178 3364 77 36 you
2274 3356 192 47 expected
2487 3357 25 36 it
2529 3362 41 33 to
2589 3357 68 38 be?

1391 3398 44 36 A.
1449 3398 80 44 Yes,
1543 3400 104 38 there
1660 3402 159 38 haven't
1830 3405 101 36 been
1943 3417 79 38 any
2035 3409 121 49 major
2170 3414 205 46 surprises.
2391 3414 13 35 I
2417 3414 112 38 think
2543 3417 104 36 there
2660 3430 63 25 are
2735 3424 77 33 two

1391 3455 129 49 things
1539 3469 80 35 you
1639 3458 79 36 don
1735 3463 14 31 t
1769 3460 139 36 realize
1928 3463 98 36 until
2044 3466 135 46 you're
2200 3469 170 49 actually
2389 3469 124 52 doing
2534 3474 36 41 it,
2592 3474 77 36 and
2690 3487 74 25 one
2784 3479 28 33 is

1389 3512 145 50 during
1553 3513 65 36 the
1639 3521 107 36 term,
1770 3517 63 36 the
1854 3524 211 46 constancy
2085 3521 43 36 of
2146 3526 38 33 it.
2208 3526 124 49 Every
2353 3528 186 50 Monday,
2561 3531 252 52 Wednesday,

1389 3569 76 36 and
1487 3570 143 49 Friday,
1652 3573 143 46 you've
1814 3580 68 43 got
1901 3580 41 31 to
1961 3576 49 36 be
2030 3580 118 47 ready
2170 3584 39 33 to
2230 3581 154 38 lecture.
2406 3584 63 36 It's
2490 3587 225 50 something
2735 3602 77 36 you

1387 3625 112 36 don't
1510 3627 112 36 think
1635 3628 118 36 about
1767 3631 98 36 until
1879 3635 135 46 you're
2028 3635 110 36 faced
2153 3638 96 36 with
2263 3641 38 35 it.
2317 3641 165 44 Second,
2494 3647 38 30 at
2546 3643 94 38 least
2654 3646 65 36 the
2731 3647 82 36 first

1387 3683 93 35 time
1499 3694 79 36 you
1598 3685 54 36 do
1671 3696 20 25 a
1712 3698 148 31 course,
1882 3690 27 33 it
1928 3688 98 38 does
2046 3691 88 38 take
2153 3706 20 24 a
2195 3694 94 49 long
2309 3698 94 35 time
2422 3702 41 31 to
2482 3704 65 43 get
2567 3701 63 36 the
2650 3702 162 36 lectures

1387 3739 123 49 ready.
1526 3740 79 35 You
1622 3742 25 35 d
1661 3748 135 43 expect
1811 3746 36 39 it,
1861 3745 71 36 but
1946 3748 25 33 it
1989 3759 17 22 s
2020 3746 98 38 hard
2132 3754 38 31 to
2184 3753 157 47 explain
2356 3754 66 36 the
2435 3756 186 50 intensity
2631 3759 43 35 of
2687 3772 101 25 some-

1387 3794 109 49 thing
1512 3795 74 36 like
1602 3798 91 41 that,
1709 3802 157 47 putting
1882 3802 80 35 that
1978 3805 183 47 together.

1387 3962 279 49 INTERVIEW
1687 3967 61 46 BY
1765 3969 254 49 JENNIFER
2039 3973 135 47 PARK

22 2181 131 41 was
175 2165 195 77 really
387 2187 88 38 an
499 2172 260 57 interest
776 2175 66 55 in
866 2175 302 77 teaching
1184 2178 145 58 that
1346 2181 276 77 brought
1639 2203 99 39 me
1759 2186 159 69 here,
1940 2191 151 69 and,
2117 2192 66 57 in
2202 2197 369 71 particular,
2595 2202 203 76 trying

13 2260 131 104 take
161 2263 94 58 all
274 2265 173 58 these
457 2287 186 54 years
663 2271 66 55 in
753 2271 290 76 industry
1058 2276 139 57 and
1217 2294 109 39 use
1348 2277 170 60 them
1537 2299 74 39 as
1627 2293 153 63 part
1795 2285 79 74 of
1880 2287 301 77 teaching
2192 2293 296 58 students
2509 2296 142 58 who

13 2357 2 90 '
13 2357 113 60 uld
140 2378 82 57 go
244 2364 137 55 into
405 2365 257 58 various
682 2375 170 68 types
872 2370 77 74 of
956 2372 346 60 industrial
1309 2376 150 71 jobs
1479 2378 200 58 later.â€

2852 1721 27 148 PHOTOS
2850 1885 27 41 BY
2850 1940 27 88 ROSS
2849 2044 27 118 KRIBBS

1310 4047 140 82 29

2203 165 279 52 TEACHING
2501 172 68 47 AT
2587 172 216 50 BROWN:

2176 243 663 80 CONVERSATIONS
