3126 4141
3 79 244 47 phisticated.
271 82 99 36 Each
387 88 58 31 set
463 85 43 35 of
521 98 88 24 new
630 87 139 36 details
787 88 80 36 that
885 102 113 24 come
1016 98 69 30 out
1104 104 63 25 are
1181 96 76 46 just
1277 96 88 35 fasci-

2 137 90 63 iting
104 137 77 35 and
195 137 112 36 build
321 150 52 25 on
386 151 50 31 or,
450 142 39 33 in
501 153 112 25 some
625 154 118 31 cases,
759 146 216 36 contradict
987 148 137 35 earlier
1135 150 148 36 details.
1301 153 11 33 I
1326 157 57 43 try

2 192 31 55 id
50 194 246 49 incorporate
312 195 49 36 all
378 197 43 35 of
433 197 82 36 that
529 200 39 35 in
584 211 66 36 my
666 211 169 25 courses.

13 247 187 38 Students
222 254 230 35 sometimes
474 254 88 36 take
586 268 66 36 my
674 269 159 25 courses
857 260 93 36 who
972 261 159 35 haven't
1153 263 169 50 thought
1343 266 39 35 of

2 306 189 60 emselves
213 318 43 24 as
274 310 194 36 scientists
488 310 142 38 before.
655 313 11 35 I
688 313 76 35 like
786 317 250 49 particularly
1058 323 38 31 to
1118 331 63 25 see
1202 321 178 36 students

2 361 46 61 ho
65 375 90 36 may
173 367 68 33 not
260 364 101 36 have
378 365 99 36 been
496 369 209 38 interested
726 372 38 35 in
783 372 65 36 the
865 373 148 49 subject
1030 375 143 43 before,
1194 378 77 35 and
1290 378 91 38 who

2 430 113 24 come
128 431 94 38 very
235 422 162 43 excited,
413 424 28 35 if
452 430 69 30 not
535 427 120 35 about
668 428 162 41 science,
844 428 121 38 about
978 444 77 24 one
1068 438 85 43 part
1167 435 41 35 of
1220 436 157 43 science,

5 474 25 36 d
50 477 184 36 immerse
252 477 239 39 themselves
509 483 39 33 in
569 483 25 35 it
613 483 79 36 and
710 496 112 25 come
841 490 41 31 to
901 487 77 35 talk
997 493 39 30 to
1057 501 61 24 me
1137 490 120 36 about
1274 491 106 36 what

2 532 43 63 ey
65 532 94 36 find.
180 534 233 39 Sometimes
435 539 139 36 there's
595 542 151 35 mutual
769 543 354 52 problem-solving
1143 548 38 35 in
1203 553 115 31 terms
1339 550 41 35 of

2 591 99 47 tting
118 602 200 25 resources
335 592 60 36 for
413 594 109 36 them
539 608 44 24 so
603 597 90 49 they
712 609 71 25 can
800 611 52 36 go
871 611 50 24 on
940 602 98 35 with
1057 603 63 35 the
1139 606 143 46 project
1301 606 76 36 and

2 646 11 66 t
27 646 63 36 the
104 646 66 36 full
184 647 246 39 educational
443 654 222 47 experience
679 660 69 30 out
761 655 41 36 of
814 658 35 33 it.
865 657 54 36 Of
931 669 145 31 course,
1091 661 58 35 it's
1164 663 162 49 exciting
1339 669 38 30 to

2 704 11 57 ;
22 704 140 47 people
173 704 91 36 who
276 717 110 25 came
395 712 38 31 to
446 709 137 36 Brown
594 712 217 36 somewhat
822 724 142 25 unsure
975 715 43 35 of
1027 715 239 46 themselves,
1277 720 79 36 blos-

2 762 35 65 m
49 762 80 33 into
143 762 139 47 people
296 764 93 36 who
403 776 61 24 are
477 778 94 38 very
586 767 77 36 fine
676 769 170 38 scholars
860 772 77 35 and
953 772 90 36 then
1057 786 52 36 go
1121 786 50 24 on
1187 776 76 35 and
1279 776 96 50 keep

5 816 115 36 touch
135 828 110 38 years
263 819 77 36 and
359 833 107 36 years
483 822 99 43 later,
600 825 140 47 people
756 827 91 35 who
866 838 61 25 are
945 839 91 24 now
1054 835 68 30 out
1139 831 102 36 there
1258 835 38 33 in
1313 833 61 36 the

2 871 38 68 Id
57 885 41 24 as
112 872 211 50 biologists,
342 888 39 25 as
398 879 231 47 physicians,
647 893 43 24 or
707 883 36 33 in
761 894 110 25 some
887 896 106 25 cases
1009 887 121 49 doing
1145 890 230 49 completely

2 928 123 52 ferent
139 931 137 49 things.

13 986 60 35 Do
85 998 72 35 you
172 986 71 38 feel
258 1000 41 25 as
312 987 142 50 though
469 992 170 36 students
650 1005 65 25 are
729 992 134 39 honest
876 997 90 36 with
980 1009 74 35 you
1071 1000 33 35 in
1118 998 94 38 their
1228 1000 123 38 evalua-

2 1052 41 27 ns
58 1041 43 38 of
112 1054 93 36 your
219 1044 195 52 teaching?
433 1049 58 35 Do
507 1060 72 36 you
595 1049 87 38 take
696 1050 107 36 these
819 1058 211 31 comments
1047 1055 77 36 into
1140 1061 162 33 account
1318 1069 36 27 se-

3 1096 79 52 usly
96 1098 110 39 when
222 1104 132 44 you're
370 1104 192 49 teaching?

9 1156 80 43 Yes,
112 1157 13 35 I
145 1157 109 36 think
274 1159 91 50 they
387 1173 60 24 are

0 1214 90 54 nest.
102 1214 13 35 I
126 1217 222 35 sometimes
357 1230 90 38 pass

0 1271 14 50 t
35 1280 135 39 scraps
191 1271 44 36 of
255 1285 124 36 paper
403 1287 44 25 so

0 1328 22 49 it
33 1328 13 35 I
57 1339 69 25 can
135 1334 61 43 get
206 1331 239 38 evaluations

0 1383 38 50 :k
52 1395 115 38 every
181 1386 112 36 week
309 1400 43 24 or
367 1392 79 33 two

0 1441 71 50 eks
82 1443 140 49 during
231 1444 63 35 the
304 1457 118 25 semes-

25 1502 41 30 to
90 1504 68 44 get
181 1512 52 24 an
257 1504 187 47 ongoing

0 1554 159 41 iluation
173 1557 43 35 of
230 1557 63 36 the
309 1570 134 25 course

0 1609 77 54 find
94 1617 68 31 out
180 1613 30 36 if
222 1616 142 47 people
381 1627 61 25 are

0 1669 13 52 t
98 1669 345 52 understanding

3 1737 79 38 ngs
107 1739 46 24 or
178 1726 31 36 if
233 1728 117 38 there
375 1740 66 25 are

0 1783 82 50 jrse
106 1783 176 50 changes
306 1786 135 36 which

0 1838 77 55 >uld
87 1839 49 36 be
143 1841 115 36 made
269 1854 39 25 as
318 1855 61 24 we
391 1855 49 38 go

0 1907 61 39 ng.

0 1953 8 41 1
33 1953 55 38 do
115 1954 93 38 take
233 1956 69 36 the
326 1969 85 25 com-

0 2014 58 49 nts
69 2024 91 38 very
170 2014 191 49 seriously,
370 2016 69 36 but

0 2068 77 54 y're
91 2074 68 30 not
170 2069 148 50 always
332 2083 83 38 prac-

0 2124 20 50 il
41 2126 77 36 and
140 2126 91 49 they
252 2128 112 38 don't
386 2131 33 35 al-

2 2192 47 38 ys
80 2183 47 35 fit
159 2184 41 35 in
230 2184 106 36 with
367 2198 69 38 my

0 2238 118 54 ching
140 2241 255 50 philosophy.
422 2244 13 35 I

5 2299 41 31 to
61 2296 88 35 read
167 2302 69 30 out
252 2298 63 36 the
331 2312 79 24 com-

0 2353 57 52 nts
69 2353 76 36 and
159 2354 91 36 then
265 2357 167 47 respond

0 2408 88 52 hem
101 2409 76 36 and
189 2422 76 38 say,
403 2416 30 35 is

0 2465 74 41 ood
94 2466 83 36 idea
197 2468 71 36 but
287 2469 60 35 it's
365 2476 68 30 not

3 2521 94 36 sible
110 2526 39 31 to
164 2523 228 50 implement
405 2529 27 33 it

8 2591 88 36 way
113 2592 79 35 you
208 2583 222 47 suggested,

8 2635 14 35 I
35 2635 123 50 might
169 2635 47 38 be
228 2636 85 38 able
326 2644 39 31 to
378 2639 52 36 do

2 2698 55 49 die
72 2704 106 25 more
194 2698 39 33 in
249 2698 96 33 such
361 2698 79 36 and
457 2699 94 35 such
569 2712 19 24 a
841 2704 28 35 It
885 2715 126 25 seems
1027 2712 38 30 to
1082 2720 61 24 me
1161 2713 38 30 to
1213 2709 49 36 be
1276 2721 57 25 eer-

2 2748 44 63 ily
57 2748 165 38 obvious
236 2751 115 44 (even
362 2753 150 50 though
526 2757 27 35 it
565 2757 91 35 took
669 2770 63 24 me
745 2770 20 24 a
780 2759 93 50 long
885 2762 91 35 time
989 2765 39 33 to
1039 2767 91 33 start
1143 2769 39 31 to
1195 2765 52 35 do
1261 2765 87 46 this)

2 2805 68 49 ply
80 2806 164 38 because
257 2809 60 35 it's
329 2822 94 38 very
436 2811 222 52 frustrating
671 2814 38 43 if,
723 2820 38 31 at
772 2816 65 36 the
849 2817 77 35 end
940 2817 41 36 of
994 2819 63 36 the
1069 2827 187 38 semester,
1271 2835 79 36 you

3 2872 20 24 e
35 2861 106 36 these
150 2863 263 52 thoughtfully
422 2869 150 35 written
583 2877 213 31 comments
806 2885 52 24 on
869 2874 63 36 the
943 2874 88 38 final
1044 2877 217 36 evaluation
1272 2880 76 35 and

2 2918 3 68 i
20 2918 88 38 then
126 2921 135 36 realize
274 2924 145 47 you've
430 2924 101 38 been
545 2928 121 49 doing
682 2931 219 49 something
917 2931 47 36 all
980 2939 181 31 semester
1176 2935 79 38 that
1269 2948 79 38 you

2 2975 38 60 Id
54 2975 99 38 have
164 2978 120 49 easily
298 2980 104 38 done
414 2992 20 25 a
449 2981 93 36 little
553 2983 121 38 better
687 2986 76 35 and
778 2987 115 36 made
909 2987 61 38 the
984 3000 134 27 course
1129 2992 128 43 better,
1271 2994 76 35 and

2 3036 252 47 opportunity
266 3035 71 36 has
351 3049 90 25 now
455 3038 98 38 been
567 3039 82 38 lost.

2 3087 85 61 iVhy
104 3087 93 39 have
214 3102 76 36 you
307 3093 112 38 made
436 3094 65 36 Bio
520 3096 72 36 19F
609 3096 222 52 mandatory
847 3099 129 43 S/NC?
995 3102 110 36 What
1123 3102 157 39 benefits
1298 3106 49 38 do

11 3143 71 38 feel
98 3145 72 38 this
184 3148 154 49 grading
353 3150 129 49 option
501 3150 107 41 holds
622 3153 58 38 for
693 3154 65 38 the
770 3156 170 38 students
954 3157 74 38 and
1043 3157 58 38 for
1115 3172 91 36 your
1220 3162 106 38 teach-

2 3200 71 52 and
87 3200 173 52 grading?

2 3258 38 66 ks
57 3260 13 35 I
87 3261 151 35 remind
255 3263 151 49 people,
424 3263 65 38 the
504 3265 217 39 borderline
735 3269 176 36 between
931 3271 63 36 the
1011 3272 334 52 Satisfactory/No

2 3313 52 69 dit
63 3317 30 33 is
106 3315 63 36 the
178 3329 109 25 same
298 3331 43 24 as
353 3320 61 36 the
424 3321 219 38 borderline
650 3323 178 38 between
839 3339 20 24 a
872 3328 30 35 C
915 3329 77 35 and
1005 3340 52 25 no
1066 3331 129 43 credit;
1205 3332 140 50 people

2 3370 11 57 >
30 3370 52 38 do
99 3373 88 35 well
205 3375 41 35 in
261 3375 126 41 S/NC
406 3389 154 25 courses
578 3392 71 24 can
666 3381 101 36 have
784 3394 49 24 an
850 3383 24 36 S
891 3384 94 35 with
1005 3384 227 39 distinction.
1250 3391 50 35 So
1318 3392 25 35 it

2 3427 77 68 aces
93 3427 63 36 the
169 3430 167 49 grading
346 3435 156 46 options
513 3435 76 49 just
602 3435 52 50 by
666 3449 20 24 a
701 3436 102 38 little.
819 3439 13 35 I
847 3439 72 36 like
935 3441 71 36 this
1020 3443 162 36 because
1197 3447 25 33 it
1236 3447 107 47 gives

2 3483 58 55 pie
74 3496 107 25 more
195 3487 146 36 chance
356 3494 39 30 to
411 3490 164 49 explore.
592 3493 79 36 The
687 3494 66 36 Bio
770 3496 71 35 19F
857 3496 96 36 class
969 3501 31 33 is
1016 3512 20 22 a
1054 3501 124 36 rather
1192 3502 151 36 diverse

2 3539 24 66 s,
39 3539 165 39 because
217 3542 106 38 there
335 3557 63 24 are
413 3546 189 49 first-year
613 3550 178 38 students
805 3553 91 36 who
909 3554 93 47 plan
1016 3561 39 31 to
1068 3567 50 38 go
1132 3569 50 24 on
1197 3559 77 35 and
1290 3559 54 36 do

2 3598 76 61 rees
90 3600 38 33 in
139 3598 159 50 biology
309 3600 93 38 who
413 3603 79 36 will
506 3605 85 36 take
603 3606 63 36 the
679 3608 96 36 class
787 3609 39 35 in
839 3609 63 36 the
913 3622 93 38 very
1020 3611 80 38 first
1110 3620 183 31 semester
1306 3622 36 30 at

2 3652 63 69 vn.
76 3652 117 38 There
203 3668 61 24 are
274 3657 110 36 other
392 3660 176 36 students
578 3661 91 36 who
682 3676 88 38 may
778 3665 49 36 be
838 3668 39 33 in
887 3666 94 36 their
991 3669 159 35 seventh
1159 3682 43 24 or
1211 3672 131 49 eighth

2 3713 99 31 ester
115 3710 93 38 who
225 3713 79 35 will
323 3713 99 36 have
439 3715 106 38 done
562 3718 312 39 Environmental
891 3723 164 44 Studies,
1074 3726 265 39 International

2 3765 117 61 itions,
135 3765 285 52 Development
435 3772 164 46 Studies,
614 3780 68 31 etc.
726 3797 19 3 -
761 3789 118 38 many
894 3780 41 35 of
950 3780 110 38 those
1076 3783 181 36 students
1274 3784 44 36 de-

2 3820 2 71 -1
16 3820 94 36 later
124 3835 54 24 on
191 3825 39 35 in
246 3825 101 36 their
361 3827 148 50 college
521 3843 129 25 career
665 3831 80 38 that
761 3835 91 47 they
865 3841 109 30 want
987 3843 39 30 to
1043 3838 87 36 take
1143 3852 19 24 a
1178 3841 161 50 biology

1452 110 148 31 course,
1614 112 76 25 one
1704 102 113 36 that's
1830 106 142 46 geared

1452 156 150 36 toward
1613 157 151 35 natural
1776 170 195 27 resources

1450 222 44 24 so
1509 211 91 50 they
1613 225 69 24 can
1696 214 123 38 better
1831 217 118 35 under-

1450 269 115 35 stand
1587 269 93 35 how
1702 271 60 36 it's
1786 283 96 38 very
1902 276 47 35 im-

1450 331 161 43 portant
1633 328 79 36 and
1735 329 72 36 has
1830 340 20 25 a
1876 342 96 38 very

1449 387 121 43 major
1587 387 145 44 impact
1748 397 52 24 on
1819 387 98 36 their
1932 400 93 25 own
2043 389 106 38 field.
2167 392 49 36 So
2233 392 110 38 these
2361 400 80 33 two
2457 409 151 38 groups
2624 400 44 35 of
2682 400 189 46 students,

1447 438 79 36 and
1540 450 148 38 groups
1701 444 39 33 in
1753 443 191 44 between,
1956 444 115 52 bring
2082 460 96 36 very
2192 449 181 38 different
2387 452 164 50 degrees
2564 455 43 36 of
2616 433 255 72 background'

1447 494 77 36 and
1537 496 293 49 sophistication
1841 504 39 31 to
1891 501 65 36 the
1967 501 173 52 learning
2153 517 165 38 process.
2331 509 49 35 Its
2392 510 213 47 important
2616 517 41 31 to
2666 515 90 47 give
2767 513 104 38 them

1447 564 19 22 a
1480 556 142 33 certain
1638 561 164 31 amount
1813 557 44 35 of
1866 557 178 38 freedom
2057 565 39 31 to
2109 562 157 49 explore
2279 565 170 36 without
2460 572 203 47 worrying
2674 575 68 33 too
2753 573 118 36 much

1447 609 118 35 about
1578 609 107 36 what
1699 611 65 36 the
1778 614 121 47 grade
1912 616 80 36 will
2005 616 60 36 be.
2079 617 106 44 And,
2198 620 41 35 in
2252 619 66 38 the
2331 627 117 33 event
2463 624 82 38 that
2559 627 143 49 people
2717 628 154 50 usually

1446 665 54 36 do
1513 671 72 43 put
1603 669 36 33 in
1657 679 20 25 a
1694 674 107 43 great
1817 669 88 36 deal
1921 671 43 36 of
1978 672 124 44 effort,
2120 677 41 35 in
2176 676 80 38 that
2274 680 277 36 environment
2567 682 140 39 there's
2723 696 20 25 a
2761 685 54 36 lot
2830 687 41 36 of

1444 726 257 47 opportunity
1718 731 38 31 to
1770 726 54 36 do
1839 728 99 36 well.

1444 780 47 43 Q.
1512 781 49 35 So
1578 792 74 35 you
1671 781 107 38 don't
1795 783 99 38 view
1910 784 68 38 the
1995 786 110 43 S/NC
2123 791 135 46 option
2277 802 41 25 as
2335 803 22 25 a
2375 792 279 41 disincentive?

1444 835 44 35 A.
1515 836 80 36 Not
1622 849 17 24 a
1665 838 272 41 disincentive
1961 847 39 31 at
2022 844 65 35 all.
2112 846 14 35 I
2150 846 87 38 also
2258 860 235 39 encourage
2517 852 148 50 people
2690 860 41 31 to
2753 857 112 38 work

1441 893 317 52 collaboratively
1775 902 38 30 to
1830 898 102 36 form
1950 901 120 47 study
2085 913 159 38 groups.
2263 904 13 35 I
2293 904 112 38 think
2422 907 83 36 that
2521 921 80 36 you
2617 921 72 27 can
2706 918 124 31 create
2846 926 19 24 a

1441 961 93 36 very
1543 950 104 49 good
1661 951 170 50 learning
1843 957 271 36 environment
2123 959 135 36 within
2271 961 65 36 the
2345 962 96 38 class
2452 964 54 49 by
2517 965 63 35 the
2589 978 91 39 way
2690 970 39 33 in
2739 969 126 38 which

1441 1017 79 35 you
1535 1011 191 33 structure
1742 1009 63 36 the
1820 1011 175 50 grading.

1439 1061 50 44 Q.
1512 1061 113 38 What
1647 1063 169 50 changes
1839 1066 96 38 have
1956 1079 76 38 you
2055 1069 227 52 undergone
2302 1085 43 25 as
2365 1087 22 25 a
2409 1076 198 47 professor
2630 1079 35 36 in
2687 1085 118 35 terms
2825 1082 39 38 of

1439 1118 181 50 teaching
1636 1121 96 49 style
1750 1121 74 38 and
1843 1123 254 52 philosophy?

2378 1192 47 35 A.
2454 1192 13 35 I
2491 1192 107 36 wish
2622 1194 14 35 I
2661 1195 126 38 could
2811 1209 50 36 go

2376 1247 98 36 back
2487 1249 110 38 those
2606 1252 43 35 21
2663 1263 110 38 years
2786 1254 76 36 and

2376 1315 68 25 see
2466 1306 150 49 myself
2636 1309 41 35 in
2699 1321 20 24 a
2743 1309 99 39 class-

2376 1373 123 25 room
2532 1375 47 25 or
2613 1364 249 54 laboratory

2375 1419 213 36 situation
2614 1420 134 44 there,
2776 1424 83 38 and

2373 1474 109 38 have
2507 1488 19 25 a
2553 1488 121 27 sense
2698 1479 46 36 of
2762 1480 96 38 how

2375 1531 134 52 things
2532 1546 107 25 were
2660 1535 197 39 different.

2372 1589 157 38 There's
2540 1603 120 25 never
2669 1592 102 38 been
2783 1606 76 38 any

2372 1646 137 50 single
2535 1649 224 50 epiphany,
2784 1652 74 36 but

2372 1702 121 36 there
2565 1704 112 38 have
2748 1707 110 38 been

2370 1757 173 52 changes
2553 1773 94 25 over
2657 1762 66 38 the
2734 1775 121 38 years.

2370 1816 87 36 I've
2480 1817 107 36 been
2613 1820 162 50 greatly
2798 1822 39 38 af-

2370 1871 129 39 fected
2518 1874 54 49 by
2591 1876 66 38 the
2674 1879 183 50 teaching

2369 1931 244 52 philosophy
2625 1934 43 36 of
2679 1934 65 38 the
2754 1935 76 38 Coa-

2369 1986 128 39 lition
2535 1989 68 38 for
2641 1992 213 38 Essential

2367 2044 181 38 Schools
2605 2049 83 36 and
2743 2050 110 36 have

2367 2101 175 38 learned
2569 2115 20 24 a
2614 2110 118 44 great
2756 2106 96 39 deal

2367 2157 102 38 from
2483 2161 76 36 Ted
2576 2161 104 39 Sizer
2694 2164 80 36 and
2791 2165 60 36 his

2365 2217 230 44 associates,
2619 2219 80 38 and
2721 2233 104 27 some-

2364 2274 128 36 times
2528 2277 180 36 worked
2743 2279 106 38 with

2364 2329 118 36 them
2509 2343 44 24 as
2578 2332 113 38 well.
2718 2335 131 38 We're

2362 2387 202 50 working
2600 2392 109 35 with
2743 2405 106 39 very

2362 2444 109 49 good
2493 2444 96 50 high
2611 2447 135 38 school
2769 2450 79 36 and

2361 2501 151 38 middle
2523 2502 134 36 school
2665 2504 181 46 teachers,

2361 2559 129 47 again,
2504 2557 102 38 from
2619 2561 137 38 whom
2769 2562 79 38 I've

2361 2613 159 39 learned
2537 2627 20 25 a
2573 2616 65 36 lot.

2419 2671 74 35 I'm
2517 2671 79 35 less
2617 2677 227 28 concerned

1419 2724 91 24 now
1523 2713 96 36 with
1630 2718 131 47 trying
1772 2721 41 33 to
1824 2723 104 33 meet
1940 2720 49 38 all
2002 2721 44 36 of
2055 2721 63 38 the
2131 2723 169 52 subjects
2312 2726 83 38 that
2405 2739 106 27 were
2523 2731 176 50 mapped
2710 2739 71 31 out
2792 2746 54 25 on

1419 2769 63 36 the
1494 2770 187 39 schedule
1693 2775 120 47 given
1824 2780 39 31 at
1874 2775 66 38 the
1953 2776 83 38 first
2047 2778 79 49 day
2139 2780 44 36 of
2192 2781 109 36 class.
2317 2783 31 35 If
2357 2795 77 25 one
2446 2784 132 39 whole
2591 2791 106 46 topic
2707 2800 46 27 or
2764 2794 80 33 two

1417 2828 124 47 topics
1556 2827 101 38 have
1671 2835 39 31 to
1724 2830 49 36 be
1787 2831 69 36 left
1868 2838 71 31 out
1951 2833 169 38 because
2134 2838 118 36 we're
2265 2841 202 50 spending
2480 2854 109 27 more
2605 2846 94 36 time
2712 2846 110 38 devel-

1416 2885 123 47 oping
1557 2896 20 24 a
1597 2885 198 52 thorough
1813 2888 318 54 understanding
2148 2894 79 36 and
2247 2896 206 52 exploring
2471 2910 77 25 one
2565 2901 43 36 of
2625 2901 65 38 the
2707 2904 135 36 earlier

1416 2942 126 47 topics
1554 2940 44 38 of
1611 2942 65 38 the
1690 2956 150 33 course,
1855 2946 93 36 then
1962 2948 41 35 in
2017 2948 66 38 the
2098 2948 94 52 long
2205 2964 76 25 run
2296 2954 13 35 I
2324 2954 112 38 don't
2450 2957 113 36 mind
2578 2957 93 38 that.

1474 2997 79 36 The
1572 2998 142 36 Center
1734 3000 60 36 for
1813 3002 65 36 the
1896 3003 301 41 Advancement
2217 3009 43 35 of
2276 3009 164 52 College
2458 3013 191 50 Teaching
2668 3016 71 36 has
2759 3017 82 36 also

1413 3052 101 36 been
1531 3066 96 38 very
1644 3058 213 47 important
1876 3065 41 31 to
1934 3072 74 24 me.
2028 3061 198 39 Professor
2244 3066 156 38 Harriet
2417 3069 192 38 Sheridan
2627 3077 58 31 set
2702 3087 54 36 up
2776 3074 63 38 the

1414 3109 142 38 Center
1569 3112 120 36 about
1701 3113 106 50 eight
1817 3128 112 36 years
1943 3129 74 36 ago
2030 3123 41 31 to
2082 3120 176 38 advance
2271 3123 217 38 classroom
2499 3128 150 50 quality
2660 3131 181 50 teaching

1414 3170 36 31 at
1468 3167 139 36 Brown
1622 3169 60 36 for
1696 3170 96 38 both
1806 3173 192 47 graduate
2013 3176 183 38 students
2211 3180 79 36 and
2307 3181 151 50 faculty.
2476 3183 88 36 One
2578 3184 44 36 of
2635 3186 65 36 the
2715 3191 124 46 topics

1413 3235 82 24 was
1509 3227 228 46 persuasive
1750 3231 345 36 communication.
2109 3235 80 35 I've
2202 3235 159 38 learned
2375 3250 20 24 a
2409 3244 109 43 great
2531 3241 88 36 deal
2631 3241 102 38 from
2745 3244 94 43 that,

1413 3280 39 33 in
1466 3291 20 24 a
1502 3291 93 38 peer
1609 3287 80 31 sort
1702 3283 44 36 of
1757 3296 91 38 way
1863 3287 104 36 from
1980 3287 112 38 other
2106 3290 151 50 faculty.

1413 3337 49 43 Q.
1480 3337 63 35 On
1561 3337 104 38 what
1682 3339 153 38 criteria
1913 3346 107 41 tests,
2039 3356 151 38 papers,
2209 3348 99 38 class
2326 3351 287 49 participation,
2631 3359 76 33 etc.
2786 3357 52 38 do

1411 3402 74 38 you
1504 3394 195 50 generally
1717 3394 93 41 base
1825 3409 98 36 your
1939 3400 118 49 grade
2074 3400 216 43 decisions?

1411 3449 44 35 A.
1479 3450 13 35 I
1512 3455 107 31 want
1638 3452 181 38 students
1839 3468 96 36 very
1954 3458 120 36 much
2094 3465 41 31 to
2154 3465 231 49 participate
2405 3468 41 35 in
2465 3479 22 24 a
2509 3468 227 50 thoughtful
2756 3471 79 39 and

1409 3507 186 49 vigorous
1608 3521 91 36 way
1712 3512 79 36 and
1805 3523 71 39 say
1887 3513 109 38 what
2008 3515 93 50 they
2113 3517 101 39 have
2228 3524 39 33 to
2280 3532 77 38 say,
2370 3521 180 39 whether
2561 3526 148 50 they're
2723 3540 90 38 ques-

1409 3564 101 36 tions
1529 3575 46 25 or
1591 3573 231 30 comments.
1843 3570 72 36 But
1934 3572 13 35 I
1965 3572 120 38 know
2104 3575 83 36 that
2205 3587 112 25 some
2334 3580 145 49 people
2498 3592 63 25 are
2578 3594 96 39 very
2691 3584 80 50 shy,
2791 3598 44 25 so

1409 3617 106 38 there
1535 3633 61 24 are
1616 3635 110 25 some
1745 3625 94 36 who
1858 3627 120 36 know
1998 3641 22 24 a
2039 3628 55 38 lot
2113 3631 79 38 and
2213 3644 65 25 are
2296 3636 162 50 gaining
2479 3649 20 25 a
2518 3644 107 43 great
2646 3641 99 44 deal,
2764 3643 71 38 but

1408 3676 93 36 who
1520 3688 63 25 are
1602 3680 140 49 saying
1759 3693 96 38 very
1874 3683 104 38 little.
1997 3687 106 43 And,
2123 3691 239 43 sometimes,
2384 3694 28 35 it
2430 3693 71 38 has
2521 3699 39 31 to
2578 3696 50 36 be
2647 3698 85 36 said
2753 3699 80 38 that

1408 3731 106 38 there
1528 3745 65 25 are
1606 3737 145 47 people
1764 3739 93 36 who
1874 3740 142 49 maybe
2030 3742 121 38 know
2167 3745 76 38 less
2258 3748 94 35 than
2367 3748 94 52 they
2476 3751 112 38 think
2600 3753 72 38 but
2685 3756 148 49 they're

1406 3789 169 49 actually
1587 3792 148 50 talking
1746 3805 20 24 a
1780 3794 55 36 lot
1847 3797 41 35 in
1899 3797 110 36 class!
2033 3798 50 36 So
2096 3800 65 36 the
2175 3805 183 46 question
2370 3808 31 33 is
2413 3806 96 38 how
2520 3813 41 31 to
2573 3809 88 36 deal
2674 3811 96 38 with
2781 3813 50 38 all

1405 3844 43 35 of
1460 3844 93 38 that.

3 3913 195 49 ERVIEW
217 3918 65 46 BY
301 3920 187 49 REKHA
506 3923 228 49 MURTHY

2077 2630 91 28 ROSS
2184 2631 120 28 KRIBBS

1362 4022 99 60 25

2216 139 277 54 TEACHING
2513 146 68 46 AT
2600 148 214 49 BROWN;

2169 209 663 83 CONVERSATIONS

2101 3939 101 41 Rim
2219 3943 52 38 to
2290 3943 257 41 HEYWOOD
2562 3957 61 30 on
2641 3950 115 49 Page
2772 3953 57 39 32
