3126 4141
198 80 482 88 f/t@I'NEERING

224 222 619 241 Clyde
906 222 677 180 Briant

304 526 176 50 want
494 515 294 58 students
809 521 65 49 to
894 512 165 57 have
1077 528 44 38 a
1139 507 203 58 better
1346 504 244 77 feeling
1592 502 112 74 for
1721 501 178 57 what
1913 517 88 39 an
2022 498 299 74 engineer
2339 494 167 66 does,
2526 491 139 58 and
2687 493 66 55 in
2776 490 106 58 the
2901 488 142 68 end,
3066 488 58 74 if

227 609 227 76 they’re
460 606 246 77 feeling
721 605 148 57 that
885 603 98 57 it’s
1002 608 118 52 not
1137 598 176 58 what
1331 597 145 72 they
1494 600 176 52 want
1688 600 63 50 to
1770 591 99 68 do,
1893 591 150 57 then
2065 587 143 74 they
2225 586 165 57 have
2408 583 131 60 still
2556 580 350 77 developed
2924 597 90 39 an

225 699 444 77 appreciation
677 694 113 79 for
808 694 180 58 what
1002 710 91 39 an
1112 690 298 76 engineer
1425 687 200 58 does.”

225 857 175 50 Professor
417 855 43 50 of
474 855 241 49 Engineering
737 852 112 50 Clyde
869 852 126 35 Briant

225 917 30 36 is
279 915 39 38 in
342 913 58 38 his
424 912 137 38 second
583 923 91 39 year
696 910 43 50 of
756 909 178 49 teaching
956 912 39 31 at

225 973 137 35 Brown.
384 973 38 35 In
435 970 87 49 fact,
542 970 124 36 Briant
687 969 28 36 is
737 967 36 36 in
792 965 55 36 his
866 964 131 38 second

225 1041 82 39 year
320 1028 39 50 of
369 1027 172 50 teaching,
554 1025 132 52 period.

283 1085 99 50 After
391 1083 157 49 working
556 1083 36 36 in
605 1082 165 47 industry
772 1079 63 50 for
843 1079 44 36 18
896 1088 102 41 years

225 1148 35 33 at
279 1142 150 39 General
447 1140 156 43 Electric,
622 1139 126 36 Briant
765 1137 101 36 made
880 1148 20 25 a
917 1135 61 38 dra-

228 1200 104 36 matic
351 1209 117 25 career
485 1198 134 49 change
638 1195 46 50 by
702 1194 167 49 deciding
888 1198 35 31 to
943 1191 38 38 be-

228 1269 93 25 come
335 1269 20 24 a
362 1255 175 50 full-time
550 1252 176 52 professor
739 1257 35 31 at
791 1252 140 35 Broum.
957 1250 41 35 In

227 1313 87 50 only
332 1312 94 38 three
446 1315 186 33 semesters
652 1313 36 33 at
712 1310 140 41 Brown,
876 1307 124 36 Briant

228 1372 63 36 has
309 1370 90 38 built
414 1383 19 24 a
454 1369 200 49 reputation
671 1378 41 25 as
728 1378 20 25 a
767 1365 137 38 teacher
921 1364 80 36 who

230 1428 61 36 has
304 1427 54 38 the
367 1425 121 50 ability
502 1430 33 31 to
548 1424 187 50 transform
748 1435 19 25 a
778 1433 124 27 course
904 1420 96 50 from

230 1496 66 27 one
306 1485 74 36 that
391 1487 27 35 is
428 1483 150 50 difficult
587 1482 72 38 and
661 1480 131 50 feared,
808 1485 33 31 to
850 1490 66 27 one
929 1477 72 38 that

233 1545 27 36 is
594 1539 71 38 and
948 1546 38 25 ac-

231 1600 145 49 cording
389 1603 33 31 to
431 1609 66 25 one
507 1597 156 38 student.
679 1597 44 36 So
724 1594 68 50 far,
806 1594 123 36 Briant
940 1592 63 36 has

235 1655 123 52 taught
370 1668 20 24 a
395 1654 74 50 few
479 1652 280 52 graduate-level
772 1649 235 52 engineering

233 1724 151 31 courses,
400 1723 41 25 as
460 1710 77 38 well
553 1721 39 27 as
609 1709 244 50 Engineering
872 1707 57 43 72,
948 1706 58 36 the

235 1769 320 50 thermodynamics
567 1778 126 27 course
706 1765 102 36 taken
824 1764 44 50 by
879 1762 107 50 sopho-

235 1838 112 27 mores
367 1827 36 36 in
425 1825 57 36 the
501 1825 233 49 engineering
751 1833 178 38 program.
953 1820 55 36 He

235 1894 72 27 was
321 1887 61 33 not
394 1882 85 49 only
493 1880 126 38 lauded
624 1879 63 50 for
696 1879 57 36 his
764 1877 244 52 performance

236 1942 38 36 in
293 1940 110 36 EN72
424 1939 44 50 by
487 1939 55 36 the
559 1937 148 36 Critical
726 1937 151 41 Review,
896 1934 63 36 but
978 1934 30 36 is

236 1997 123 50 highly
380 1994 142 52 praised
542 1994 47 49 by
608 1994 57 36 his
687 1991 169 39 students
869 1991 63 50 for
953 1989 55 36 his

238 2054 132 50 clarity,
381 2052 54 38 his
444 2052 123 49 ability
580 2055 35 31 to
625 2060 101 27 sense
737 2049 102 38 when
852 2047 57 38 the
918 2046 90 38 class

241 2112 27 36 is
279 2113 60 35 not
342 2109 187 50 following
539 2107 58 38 the
606 2107 139 41 lecture,
756 2104 55 38 his
820 2102 169 52 approach-

238 2167 121 50 ability
372 2167 35 36 in
417 2165 69 36 and
498 2169 63 33 out
572 2164 41 50 of
616 2165 88 35 class
773 2162 71 38 and
855 2162 55 36 his
918 2159 91 50 good

239 2224 252 47 handwriting.

243 2348 50 43 Q.
309 2345 115 38 What
441 2343 50 39 do
509 2356 76 36 you
603 2342 76 38 like
694 2340 123 39 about
833 2339 203 49 teaching?

243 2405 46 35 A.
309 2403 13 36 I
342 2402 76 38 like
436 2402 66 36 the
521 2400 183 38 students
791 2400 13 35 I
820 2400 76 47 jvtet
918 2395 120 49 really
1057 2395 117 47 enjoy

243 2460 118 38 them.
383 2460 14 35 I
417 2458 113 38 think
548 2455 254 52 particularly
822 2457 41 35 in
882 2454 257 50 engineering
1159 2452 14 35 I

244 2517 77 38 like
334 2515 66 38 the
416 2515 143 50 feeling
573 2513 83 36 that
671 2513 80 35 I've
765 2512 79 36 had
861 2523 22 25 a
898 2510 57 38 lot
969 2509 44 38 of
1025 2509 128 49 experi-

244 2586 94 25 ence
353 2575 39 35 in
408 2573 109 35 these
531 2573 46 35 18
591 2583 113 38 years
718 2572 41 35 in
773 2569 191 49 industry,
978 2565 82 36 and
1072 2565 14 36 I
1102 2576 72 25 can

246 2633 88 47 give
351 2641 112 25 some
479 2627 43 38 of
539 2627 82 38 that
638 2627 102 36 slant
757 2630 41 31 to
816 2625 66 36 the
898 2622 195 49 teaching,
1109 2620 44 38 be-

246 2698 118 27 cause
384 2687 14 36 I
417 2685 113 38 think
550 2685 68 36 the
638 2685 183 47 majority
841 2680 43 38 of
904 2693 68 36 my
992 2677 183 39 students

246 2748 109 33 want
373 2748 39 31 to
430 2742 50 38 be
499 2742 216 49 practicing
734 2740 219 49 engineers.
973 2737 74 36 But
1068 2735 13 36 I
1099 2735 77 49 just

247 2802 115 50 enjoy
375 2800 66 36 the
454 2800 231 35 interaction
696 2797 101 36 with
808 2795 68 38 the
888 2794 194 38 students.
1096 2791 82 38 The

249 2857 110 38 other
373 2855 85 38 side
472 2857 31 36 is
518 2855 83 36 that
616 2855 13 35 I
643 2854 117 50 enjoy
773 2857 80 31 sort
868 2852 43 35 of
921 2850 222 47 relearning
1156 2860 22 25 a

250 2913 54 38 lot
324 2912 43 39 of
386 2915 28 35 it
435 2912 156 50 myself,
608 2912 175 36 because
803 2909 118 38 that's
942 2912 90 44 part
1052 2904 43 38 of
1113 2904 66 38 the

250 2972 228 49 experience
491 2980 43 25 as
548 2967 102 38 well.

252 3028 50 44 Q,
318 3025 115 38 What
449 3025 54 36 do
517 3035 77 39 you
613 3022 74 38 like
704 3022 85 38 best
806 3020 121 39 about
942 3017 186 50 teaching
1142 3022 39 33 at

254 3083 157 38 Brown?

252 3142 47 36 A.
315 3140 65 38 It's
395 3139 65 38 the
477 3139 93 50 only
584 3139 112 49 place
713 3137 79 36 I've
808 3146 93 27 ever
915 3132 153 50 taught,
1080 3132 72 36 but
1169 3131 14 36 I

254 3197 112 38 think
386 3197 66 36 the
471 3197 82 36 size
573 3197 33 35 is
625 3205 79 25 one
723 3191 216 52 appealing
957 3191 124 47 thing.
1104 3187 80 38 The

255 3254 254 50 engineering
529 3250 135 38 school
685 3252 33 35 is
739 3254 69 33 not
830 3260 22 25 a
869 3247 109 49 huge
1000 3246 184 41 division,

257 3310 77 38 and
350 3321 47 25 so
411 3320 102 27 even
528 3310 39 33 in
583 3320 24 24 a
620 3306 101 38 class
737 3306 79 36 like
830 3304 129 43 EN72,
973 3302 135 36 where
1123 3312 63 27 we

257 3365 101 38 have
376 3365 50 36 all
446 3365 43 36 of
507 3365 66 35 the
592 3364 276 49 sophomores,
887 3372 63 25 we
969 3372 74 25 can
1061 3364 66 44 get
1146 3362 39 31 to

258 3422 117 36 know
391 3424 106 46 quite
512 3431 20 25 a
546 3419 76 36 few
635 3417 44 38 of
690 3417 120 36 them.
825 3417 131 35 That's
969 3427 22 25 a
1005 3414 77 38 real
1096 3414 90 49 plus

260 3477 58 38 for
331 3477 153 36 Brown.
498 3476 93 36 And
606 3477 13 35 I
635 3476 77 36 like
726 3474 66 38 the
808 3472 148 49 faculty
967 3471 93 36 here
1074 3476 77 31 too.

260 3535 50 43 Q.
329 3535 96 35 How
443 3531 65 38 did
523 3542 77 38 you
617 3529 167 38 become
802 3526 213 39 interested
1031 3526 36 36 in
1087 3526 82 47 Engi-

260 3589 178 49 neering?

263 3646 44 36 A.
318 3646 69 35 For
397 3643 142 52 people
548 3655 68 38 my
625 3654 83 38 age,
720 3643 65 35 the
795 3652 117 38 space
920 3650 186 38 program
1113 3649 58 25 cer-

263 3701 120 49 tainly
395 3699 145 50 helped
556 3704 137 33 attract
706 3710 49 25 us
769 3704 41 30 to
824 3698 151 36 science
991 3694 79 36 and
1083 3694 87 49 engi-

263 3759 161 47 neering
441 3757 41 35 in
498 3754 170 50 general.
687 3756 72 35 For
776 3765 76 30 me,
869 3751 121 38 when
1008 3751 14 36 I
1039 3762 85 24 was
1142 3761 50 25 an

263 3811 328 50 undergraduate,
602 3811 14 36 I
625 3809 131 38 didn't
765 3809 102 36 have
879 3808 76 36 this
965 3808 118 49 really
1094 3806 99 36 clear

265 3869 225 36 distinction
501 3869 41 35 in
553 3879 69 38 my
633 3866 113 38 mind
756 3866 183 36 between
950 3865 153 36 science
1113 3861 79 38 and

265 3926 260 49 engineering;
665 3924 79 49 just
753 3926 80 33 sort
843 3921 44 36 of
894 3932 20 25 a
926 3920 156 50 general
1093 3918 101 38 tech-

1238 2225 146 50 nology
1402 2222 258 50 related-type
1676 2220 94 38 field
1787 2225 39 31 to
1844 2231 52 38 go
1913 2220 93 39 into,
2024 2217 80 36 and
2121 2217 39 35 in

1238 2294 112 25 some
1359 2293 112 36 ways
1482 2282 28 35 it
1520 2279 140 36 wasn't
1672 2277 99 36 until
1783 2277 14 35 I
1808 2280 68 46 got
1887 2277 82 35 into
1980 2274 183 47 industry

1239 2339 82 38 that
1331 2339 14 36 I
1356 2339 129 49 began
1496 2342 39 31 to
1546 2335 139 38 realize
1696 2334 63 38 the
1772 2334 224 36 distinction
2008 2329 77 38 and
2098 2329 65 36 the

1239 2395 143 50 special
1400 2394 167 38 features
1583 2392 43 38 of
1638 2392 263 49 engineering.
1918 2391 13 35 I
1948 2387 110 38 think
2072 2400 22 24 a
2110 2387 54 36 lot

1239 2452 43 38 of
1291 2452 109 36 these
1409 2452 175 35 interests
1595 2460 65 27 are
1669 2452 80 35 sort
1759 2446 43 39 of
1811 2446 150 43 inborn;
1973 2457 79 38 you
2063 2443 101 38 have

1241 2510 110 38 these
1365 2512 178 35 interests
1559 2509 41 35 in
1616 2507 143 35 certain
1775 2504 126 43 fields,
1918 2502 79 36 and
2014 2501 58 38 for
2088 2512 76 31 me,

1243 2570 27 33 it
1282 2578 83 25 was
1380 2567 151 35 science
1545 2564 77 36 and
1636 2564 265 47 engineering.
1915 2561 14 35 I
1943 2559 54 36 do
2011 2557 76 36 like
2101 2557 65 36 the

1243 2624 239 50 application
1496 2620 96 43 side,
1608 2631 44 25 so
1668 2619 13 36 I
1696 2617 112 38 think
1822 2617 115 36 that's
1950 2616 94 49 why
2060 2616 85 47 engi-

1243 2682 164 47 neering
1419 2677 162 52 appeals
1595 2682 39 31 to
1650 2688 63 24 me
1726 2674 214 50 especially.

1244 2739 52 44 Q.
1313 2735 117 38 What
1447 2746 79 25 was
1545 2745 96 38 your
1660 2737 99 31 most
1780 2728 238 39 memorable
2035 2726 110 39 teach-

1246 2794 65 49 ing
1324 2792 252 50 experience?

1247 2852 44 35 A.
1313 2850 65 36 It's
1400 2860 20 27 a
1443 2847 157 50 general
1619 2858 87 30 one,
1726 2846 72 36 but

1247 2909 72 36 last
1331 2918 93 38 year
1435 2906 14 36 I
1460 2904 202 50 co-taught
1672 2904 66 35 EN
1751 2904 49 35 72

1247 2964 98 36 with
1365 2962 198 38 Professor
1583 2961 115 41 Hurt,
1720 2957 79 38 and

1247 3022 52 36 he
1313 3031 85 25 was
1417 3017 118 52 really
1553 3030 20 24 a
1592 3022 106 46 great
1717 3027 63 39 per-

1250 3088 72 25 son
1342 3080 41 33 to
1400 3076 113 36 teach
1529 3074 107 38 with.
1658 3074 13 35 I
1690 3071 112 38 think

1250 3134 66 38 the
1334 3134 142 49 design
1491 3132 143 50 project
1652 3142 61 24 we
1731 3129 71 36 did

1252 3192 41 35 in
1304 3191 109 36 there
1425 3200 83 25 was
1523 3187 118 49 really
1654 3197 120 25 memo-

1252 3247 106 38 rable
1372 3246 60 38 for
1443 3257 76 30 me,
1529 3244 169 36 because
1710 3243 13 35 I
1737 3243 68 35 felt

1252 3304 79 36 like
1345 3304 66 35 the
1425 3301 181 38 students
1620 3312 104 25 were
1739 3310 44 25 en-

1252 3362 139 47 joying
1411 3361 28 35 it
1461 3370 22 25 a
1504 3357 68 43 lot,
1594 3356 80 38 and
1696 3356 112 36 there

1254 3427 85 25 was
1357 3417 80 47 just
1460 3425 20 25 a
1502 3414 54 36 lot
1578 3413 43 38 of
1641 3424 165 25 one-on-

1255 3485 77 25 one
1353 3472 241 35 interaction.
1617 3469 106 49 They
1743 3479 106 25 were
1869 3469 41 33 in
1931 3468 91 35 here
2043 3468 50 33 all
2113 3468 66 33 the

1257 3531 93 35 time
1362 3528 139 47 asking
1512 3528 213 47 questions,
1737 3523 79 38 and
1827 3523 16 35 I
1852 3521 112 36 think
1973 3521 93 49 they
2077 3531 104 25 were

1257 3584 150 49 having
1417 3595 22 24 a
1452 3583 106 49 good
1573 3583 91 35 time
1677 3580 98 38 with
1787 3580 76 36 this
1877 3580 153 47 project.
2055 3578 30 35 It
2096 3587 85 24 was

1258 3644 58 33 set
1328 3652 55 36 up
1394 3638 134 38 where
1539 3638 93 49 they
1643 3636 79 36 had
1734 3641 39 30 to
1786 3635 142 49 design
1939 3633 76 36 this
2025 3635 156 47 project,

1260 3696 79 36 and
1356 3696 16 35 I
1389 3694 112 36 think
1518 3694 91 49 they
1627 3693 120 47 really
1764 3690 167 50 enjoyed
1948 3690 123 49 doing
2088 3688 93 41 that,

1260 3753 90 47 they
1362 3751 98 36 used
1469 3751 65 36 the
1543 3754 208 44 computer,
1764 3748 77 35 and
1850 3748 74 47 just
1935 3746 63 36 the
2008 3748 173 33 constant

1260 3808 200 36 feedback.

1261 3866 50 44 Q.
1331 3861 115 39 What
1465 3860 52 39 do
1534 3872 74 38 you
1627 3860 109 38 think
1753 3858 66 38 the
1839 3858 88 49 keys
1945 3861 41 33 to
2003 3857 183 47 teaching

1261 3920 252 50 engineering
1529 3915 219 50 effectively
1765 3917 85 36 are?

2337 847 46 35 A.
2402 846 148 36 You've
2572 849 68 46 got
2660 849 41 31 to
2718 843 50 36 be
2789 854 98 38 very
2904 841 104 36 clear
3025 839 98 38 whei

2337 904 135 49 you're
2483 902 192 49 teaching,
2688 899 79 38 and
2780 912 80 38 you
2871 896 205 39 shouldn't
3087 901 36 31 tr

2339 965 39 31 to
2386 961 76 47 just
2471 972 52 36 go
2534 964 38 31 at
2583 972 50 24 an
2643 956 309 49 overwhelming
2961 965 107 39 pace,
3076 954 47 36 be

2339 1017 115 35 make
2469 1027 90 25 sure
2575 1016 83 36 that
2671 1016 137 49 you're
2825 1011 227 50 explaining
3068 1022 55 25 am

2339 1076 140 49 giving
2501 1072 208 49 examples
2732 1083 43 25 as
2798 1082 82 39 you
2904 1080 52 39 go
2978 1069 131 49 along,

2339 1129 113 38 think
2469 1131 61 36 it's
2548 1129 83 36 also
2647 1131 216 49 important
2880 1131 41 33 to
2935 1128 77 49 just
3025 1124 52 38 be
3091 1137 31 25 re

2340 1189 121 49 lating
2476 1191 28 35 it
2517 1200 41 25 as
2572 1187 121 36 much
2706 1198 43 25 as
2759 1198 83 36 you
2855 1197 74 24 can
2940 1189 41 30 to
2992 1183 77 36 real
3082 1194 41 25 er

2342 1246 203 49 gineering
2564 1243 209 52 problems.
2792 1243 36 35 A
2844 1243 55 35 lot
2918 1239 43 38 of
2976 1243 113 35 times
3109 1241 13 35 i

2342 1304 66 35 the
2422 1302 198 43 textbook,
2635 1302 61 36 it's
2713 1312 19 25 a
2750 1299 113 49 fairly
2879 1296 142 52 simple
3035 1296 88 52 prot

2342 1361 91 43 lem,
2450 1359 71 36 but
2540 1357 77 38 still
2636 1370 83 38 you
2739 1369 71 25 can
2828 1356 115 36 show
2964 1354 91 36 how
3072 1356 50 47 ju:

2343 1417 83 36 that
2449 1417 117 36 small
2586 1416 146 49 simple
2753 1417 90 47 part
2863 1413 85 36 will
2969 1413 96 36 later
3085 1411 38 36 be

2343 1487 112 25 come
2474 1477 87 46 part
2578 1472 43 38 of
2638 1485 20 24 a
2674 1472 139 49 bigger
2830 1474 161 47 system.
3008 1469 14 35 I
3039 1468 83 36 thin

2345 1531 115 38 that's
2469 1543 98 38 very
2580 1532 214 47 important
2805 1534 41 31 to
2857 1529 113 49 point
2981 1529 80 39 out,
3074 1529 49 33 to<

2346 1591 71 33 But
2427 1589 16 35 I
2452 1587 113 36 think
2573 1587 83 36 that
2666 1589 129 46 trying
2806 1591 39 30 to
2857 1583 156 50 explain
3022 1583 101 49 thing

2346 1644 142 50 clearly
2509 1644 79 36 and
2608 1649 41 31 to
2669 1643 115 36 make
2805 1643 50 36 all
2876 1641 43 36 of
2937 1639 65 38 the
3020 1641 102 49 poinl

2346 1702 102 36 clear
2460 1704 33 35 is
2504 1712 22 27 a
2539 1701 121 49 really
2671 1702 217 47 important
2901 1696 148 38 feature
3061 1694 43 38 of
3113 1698 9 35 i

2348 1761 50 44 Q.
2419 1756 117 39 What
2556 1756 110 52 goals
2687 1756 52 38 do
2759 1767 76 38 you
2858 1754 99 36 have
2978 1753 60 38 for
3058 1764 65 38 yoi

2348 1814 195 38 students?
2557 1813 118 38 What
2688 1813 52 38 do
2754 1824 77 38 you
2846 1811 106 49 hope
2962 1808 91 50 they
3069 1808 54 52 gai

2348 1871 101 39 from
2465 1883 99 38 your
2581 1872 159 36 course?

2348 1929 50 36 A.
2425 1929 123 36 What
2573 1929 14 36 I
2613 1928 148 38 would
2787 1926 83 38 like
2898 1929 43 33 to
2965 1923 83 38 feel
3072 1923 50 36 lik

2350 1986 157 49 they've
2521 1983 146 52 gained
2683 1986 31 35 is
2731 1983 60 38 for
2806 1983 109 36 them
2931 1986 39 31 to
2986 1980 74 38 feel
3076 1980 47 36 th:

2351 2043 146 49 they're
2513 2054 77 24 one
2606 2046 85 44 step
2709 2041 124 36 closer
2849 2043 39 33 to
2904 2038 120 49 being
3036 2036 87 36 read

2351 2104 39 31 to
2403 2099 50 36 be
2466 2101 217 47 engineers.
2698 2098 14 35 I
2724 2101 110 31 want
2846 2094 110 36 them
2969 2099 41 30 to
3022 2094 101 35 have

2350 2156 129 36 better
2502 2156 151 49 feeling
2676 2154 63 36 for
2759 2154 112 36 what
2896 2164 50 25 an
2967 2153 156 47 enginei

2228 2214 110 43 does,
2359 2213 79 36 and
2458 2214 39 35 in
2517 2211 66 38 the
2600 2211 79 38 end
2699 2209 31 38 if
2748 2209 148 50 they're
2913 2209 146 47 feeling
3079 2209 44 33 th;

2228 2271 63 36 it's
2302 2276 69 31 not
2381 2269 107 36 what
2499 2269 93 49 they
2602 2272 110 31 want
2721 2272 41 31 to
2773 2268 66 43 do,
2852 2266 94 36 then
2956 2265 93 49 they

2230 2328 77 38 still
2323 2326 225 49 developed
2564 2337 50 25 an
2630 2324 269 49 appreciation
2913 2321 60 36 for
2989 2321 107 35 what
3112 2331 11 25 e

2230 2386 186 49 engineer
2425 2383 109 36 does.
2548 2383 11 35 I
2573 2383 110 36 think
2693 2392 63 25 we
2765 2381 104 36 have
2880 2384 41 31 to
2931 2378 139 38 realize
3080 2376 43 38 th

2230 2443 120 35 we're
2370 2443 170 46 training
2561 2439 109 36 them
2691 2438 60 38 for
2772 2450 20 24 a
2814 2435 225 52 profession
3060 2435 63 35 her

2233 2498 79 38 and
2328 2498 82 36 that
2424 2496 96 38 each
2534 2501 85 46 step
2635 2494 71 38 has
2721 2499 41 31 to
2775 2494 91 36 lead
2880 2491 175 38 towards
3069 2491 54 36 the

2233 2556 52 44 Q.
2309 2553 146 38 What's
2479 2551 68 39 the
2570 2556 101 33 most
2696 2548 247 52 challenging
2965 2551 135 46 aspect

2233 2609 184 50 teaching
2431 2608 61 39 for
2509 2611 98 47 you?

2235 2669 46 35 A.
2302 2669 13 35 I
2337 2668 112 36 think
2468 2671 39 33 to
2528 2671 65 46 get
2613 2666 66 38 the
2696 2665 276 50 explanations
2991 2661 113 50 right,

2235 2739 71 25 use
2321 2724 63 38 the
2400 2724 99 49 right
2512 2723 143 38 words.
2669 2723 80 36 The
2765 2721 143 38 second
2924 2721 76 35 law
3016 2718 41 38 of
3069 2718 54 38 the

2247 3460 269 50 modynamics
2535 3461 30 35 is
2584 3460 146 49 always
2748 3471 19 24 a
2786 3457 165 38 difficult
2967 3468 76 25 one
3058 3460 39 31 to
3113 3468 8 36 ;

2249 3529 134 31 across,
2394 3517 76 36 and
2479 3529 44 24 so
2531 3515 140 50 people
2679 3515 134 36 would
2824 3524 110 27 come
2943 3512 148 36 around
3101 3523 20 25 a

2250 3573 68 36 ask
2331 3573 197 49 questions
2539 3572 79 36 and
2630 3572 139 47 finally,
2781 3572 13 35 I
2805 3569 139 38 would
2956 3567 151 50 explain
3120 3567 2 55 i

2250 3631 140 35 certain
2402 3641 94 36 way,
2510 3628 77 36 and
2600 3627 57 36 I'd
2669 3627 135 36 realize
2816 3625 82 36 that
2909 3635 83 25 was
3003 3624 66 36 the
3080 3625 41 47 rig

2250 3698 88 36 way
2354 3690 38 31 to
2406 3685 151 49 explain
2572 3687 36 33 it:
2624 3683 63 36 the
2699 3682 134 38 words
2847 3680 118 38 made
2978 3691 112 25 sense
3104 3691 17 25 a

2252 3745 27 33 it
2293 3753 83 25 was
2391 3740 104 36 clear.
2512 3742 13 35 I
2540 3740 110 36 think
2665 3739 143 50 you've
2822 3739 224 36 sometimes
3061 3740 60 46 got

2252 3797 132 38 search
2398 3797 57 38 for
2468 3797 106 36 these
2584 3795 85 38 best
2682 3795 277 49 explanations,
2973 3792 79 36 and
3065 3791 57 38 tha

2254 3854 110 38 think
2373 3855 76 49 just
2460 3865 131 25 comes
2603 3852 98 36 with
2713 3852 173 50 practice.

2254 3912 52 44 Q.
2334 3912 101 35 How
2458 3907 54 38 do
2535 3920 77 36 you
2639 3906 169 39 balance
2831 3904 69 39 the
2924 3904 194 38 demands

1913 2904 98 39 First
2025 2904 104 36 Year
2146 2904 44 35 at
2209 2902 159 36 Brown:
2391 2899 126 38 1994.

1913 2965 252 43 Education:
2187 2965 180 38 Hendrix
2384 2962 184 49 Collese,
2587 2964 63 36 AR
2669 2964 113 46 (BA),
2803 2957 180 43 Columbi

1915 3031 217 46 University
2153 3031 82 46 (BS,
2257 3030 120 44 PhD).

1913 3098 146 39 Works
2079 3094 191 39 Include:
2288 3093 296 47 Metallursical
2598 3094 187 44 Aspects
2803 3090 52 39 of

1920 3159 331 43 Environmental
2268 3159 172 39 Failures
2455 3157 170 46 (1985).

1917 3228 187 38 Courses
2121 3225 156 47 taught
2298 3224 192 38 1995-96
2507 3219 228 41 academic
2751 3228 117 39 year:

1917 3288 392 49 Thermodynamics

1683 3991 109 60 28
