3126 4141
72 123 27 35 it
112 123 162 47 simpler
288 123 79 36 and
383 124 124 35 easier
521 128 41 31 to
578 124 268 35 understand?

72 178 47 44 Q.
139 176 115 36 What
271 176 50 38 do
339 189 76 36 you
433 184 106 31 want
556 178 176 38 students
751 184 39 31 to
809 184 61 44 get
890 184 68 33 out
976 180 41 38 of
1035 184 132 33 Neuro
1187 184 13 33 1
1214 184 14 33 ?

71 236 44 35 A.
131 236 290 36 Neuroscience
435 238 31 35 is
482 247 20 25 a
518 238 104 47 huge
639 238 106 43 field,
759 249 44 24 so
817 250 63 22 we
894 238 101 35 can't
1009 238 176 49 possibly
1200 252 117 22 cover
1331 243 27 31 it
1373 243 36 33 in
1425 254 72 22 one

71 296 187 30 semester
274 304 43 24 or
332 304 101 24 even
450 298 80 30 two
548 298 220 38 semesters;
786 294 117 36 that's
918 294 93 47 why
1028 307 61 24 we
1107 294 101 36 have
1225 307 19 24 a
1263 298 235 35 curriculum

71 350 41 33 in
121 350 288 41 neuroscience,
422 350 79 35 and
515 361 101 24 even
627 350 94 35 then
734 350 107 36 there
854 362 63 24 are
929 350 104 50 huge
1046 364 99 36 gaps
1157 354 38 31 in
1208 353 107 35 what
1328 365 60 24 we
1400 354 98 35 have

71 403 65 36 the
148 403 91 36 staff
250 405 192 36 available
457 411 38 30 to
509 406 121 35 teach.
646 406 49 36 So
709 419 61 24 we
783 408 54 35 do
850 420 72 22 our
935 408 85 36 best
1035 413 39 31 to
1087 411 90 46 give
1191 420 19 24 a
1225 420 143 38 survey
1383 411 41 35 of
1435 411 63 35 the

71 465 189 33 structure
277 463 79 35 and
373 463 180 35 function
569 463 43 35 of
625 463 66 35 the
706 463 121 36 brain.
847 465 65 35 We
928 469 60 44 try
1003 469 39 30 to
1060 465 214 50 demystify
1291 468 27 33 it
1334 472 39 30 to
1391 479 107 24 some

69 521 139 31 extent.
224 517 87 38 One
321 518 43 35 of
375 518 65 36 the
452 524 104 30 most
569 523 170 46 exciting
750 521 131 47 things
894 521 120 36 about
1025 524 277 35 neuroscience
1317 524 76 35 and
1406 524 69 35 hav-

71 576 66 47 ing
156 575 63 36 the
235 575 113 36 brain
365 587 43 24 as
425 576 66 35 the
510 576 124 49 object
652 576 43 36 of
712 576 110 36 focus
843 580 30 33 is
893 578 80 35 that
992 578 107 36 there
1117 581 31 33 is
1167 591 50 24 no
1238 592 74 24 one
1329 580 85 36 best
1433 594 44 35 ap-

69 630 146 50 proach
230 636 41 31 to
285 631 66 36 the
365 631 121 49 study
502 633 44 36 of
561 633 65 36 the
639 633 123 36 brain.
780 635 288 36 Neuroscience
1085 638 30 33 is
1132 647 20 24 a
1170 641 107 43 great
1291 649 90 36 way
1397 643 38 30 to
1449 638 49 35 be

69 688 233 36 introduced
323 694 41 30 to
383 690 156 35 natural
559 693 151 33 science
729 691 169 36 because
920 694 27 33 it
965 691 120 50 really
1106 693 131 36 draws
1258 693 101 36 from
1381 707 115 35 many

69 743 238 50 disciplines.
329 745 123 36 There
474 748 30 35 is
528 759 52 24 no
600 759 77 24 one
698 748 85 36 best
805 748 209 49 approach.
1038 750 79 35 The
1139 750 208 47 physicists
1370 762 43 24 or
1433 750 63 36 the

69 800 184 38 chemists
271 802 110 36 don't
398 803 238 49 necessarily
652 803 102 36 have
772 805 63 36 the
854 805 150 36 market
1020 806 187 36 cornered
1225 819 43 24 as
1285 811 39 31 to
1342 808 65 36 the
1422 820 74 24 one

69 857 124 50 single
206 858 94 49 path
312 863 43 31 to
367 858 65 36 the
444 860 107 36 truth
620 872 198 36 everyone
831 861 71 36 has
915 874 19 24 a
948 863 266 35 contribution
1225 868 41 30 to
1279 863 124 44 make,
1417 865 77 35 and

69 915 80 35 that
161 915 30 35 is
203 915 63 35 the
277 920 135 31 nature
424 915 43 36 of
476 928 47 24 an
537 917 348 50 interdisciplinary
896 921 148 33 science
1055 920 96 35 such
1164 932 39 22 as
1216 923 279 35 neuroscience.

69 970 49 44 Q.
134 969 76 38 The
224 969 98 39 class
335 970 345 46 demonstrations,
696 972 49 38 be
757 973 93 47 they
863 973 91 38 with
970 973 150 38 melons
1135 986 43 25 or
1191 975 107 46 Jello,
1312 987 66 24 are
1391 976 106 47 quite

68 1025 165 38 famous.

68 1083 46 36 A.
128 1083 71 36 I'm
209 1083 146 50 always
370 1085 161 49 looking
543 1087 58 36 for
616 1098 49 25 an
677 1090 258 44 opportunity
946 1093 39 31 to
998 1088 113 36 make
1126 1101 20 24 a
1157 1091 231 35 connection
1400 1090 94 36 with

68 1142 71 35 the
162 1142 206 36 students.
395 1143 109 36 Let's

69 1197 83 38 face
175 1200 36 35 it:
236 1211 112 24 some
372 1200 132 49 things

69 1257 39 33 in
131 1258 285 35 neuroscience
441 1269 63 24 are

68 1324 91 36 easy
170 1317 38 33 to
219 1313 110 36 teach
339 1313 165 36 because

68 1369 101 50 they
195 1383 68 22 are
290 1383 47 24 so
364 1372 117 35 inher-

68 1427 124 49 ently,
219 1428 285 49 intrinsically

68 1482 247 50 fascinating
339 1485 87 36 that
450 1498 52 25 no

68 1540 222 49 professor
372 1542 131 36 could

68 1597 118 36 make
208 1600 30 35 it
260 1602 220 35 uninterest-

68 1655 87 47 ing,
181 1655 79 35 but
285 1655 120 36 there
433 1668 69 24 are

68 1710 112 38 other
200 1717 109 44 parts
332 1713 83 36 that
439 1724 63 25 are

68 1778 106 25 more
186 1767 197 44 technical,
397 1775 106 44 parts

66 1824 129 38 where
206 1825 63 36 the
280 1828 222 49 interesting

68 1880 143 38 feature
224 1883 88 35 isn't
321 1883 156 36 immedi-

68 1940 99 47 ately
184 1946 191 43 apparent
391 1953 90 38 espe-

66 1995 112 50 cially
191 2002 41 31 to
244 2009 20 24 a
279 2000 202 35 non-scien-

66 2055 72 35 tist.
159 2054 50 36 So
230 2066 79 36 you
329 2055 93 35 look
443 2055 60 36 for

66 2109 132 50 things
220 2110 82 36 that
324 2124 82 36 you
428 2124 72 24 can

66 2178 69 25 use
150 2172 41 31 to
203 2167 91 50 help
312 2181 79 36 you
408 2169 91 50 help

65 2224 68 36 the
156 2225 195 36 students
378 2228 123 47 enjoy

63 2280 107 36 what
187 2282 90 49 they
296 2294 63 24 are
376 2283 102 36 learn-

65 2340 77 46 ing.
167 2339 332 50 Neuroanatomy

65 2406 69 24 can
143 2394 47 36 be
202 2395 117 50 really
329 2398 151 35 interest-

65 2452 76 47 ing,
151 2463 43 25 or
206 2454 27 35 it
243 2463 69 25 can
323 2454 49 35 be
383 2454 117 49 really

61 2507 142 50 boring
277 2509 13 35 I
306 2521 128 30 mean,
450 2523 33 22 re-

61 2562 77 49 ally
159 2564 148 47 boring
400 2576 46 25 so
471 2569 30 33 it

61 2631 83 25 was
162 2633 19 24 a
198 2622 76 35 real
291 2622 203 50 challenge
512 2624 118 36 when
647 2625 11 35 I
677 2625 113 36 knew
808 2625 106 36 what
931 2627 11 35 I
959 2627 77 36 had
1054 2631 41 31 to
1110 2628 123 43 teach,
1249 2628 77 35 and
1345 2628 11 35 1
1373 2628 112 36 knew

63 2676 91 38 how
176 2682 39 31 to
236 2679 110 36 teach
369 2680 28 35 it
416 2680 41 35 in
477 2691 20 24 a
520 2691 91 38 way
633 2680 11 35 I
668 2680 167 50 thought
855 2694 83 24 was
959 2682 106 36 clear.
1088 2683 102 35 How
1214 2683 52 36 do
1288 2698 79 35 you
1389 2685 96 49 keep

63 2734 180 36 students
257 2737 208 35 interested
480 2740 39 31 in
534 2737 186 36 Salomon
734 2740 65 35 101
816 2739 101 36 from
931 2742 16 33 1
964 2745 38 31 to
1016 2742 80 35 2:20
1112 2742 101 47 right
1225 2742 94 35 after
1334 2742 153 49 they've

63 2791 77 36 had
157 2791 129 44 lunch,
302 2794 96 35 with
416 2794 65 35 the
496 2794 90 35 heat
602 2797 39 31 in
658 2794 63 36 the
735 2794 183 52 building
932 2797 146 49 always
1094 2803 66 30 too
1176 2797 115 49 high?
1309 2800 11 33 I
1337 2798 148 36 cooked

63 2860 54 36 up
132 2847 76 36 this
222 2849 85 36 idea
321 2850 98 35 with
433 2850 66 36 the
513 2852 90 47 help
620 2852 41 35 of
674 2863 66 38 my
753 2854 104 41 wife,
871 2854 93 36 who
976 2858 38 31 at
1028 2855 65 35 the
1106 2857 93 33 time
1213 2868 82 22 was
1310 2855 175 50 teaching

63 2904 93 36 little
170 2906 99 43 kids;
283 2907 69 35 she
364 2907 79 35 had
460 2907 69 35 Mr.
545 2907 135 36 Potato
694 2909 112 36 Head
822 2909 104 43 stuff,
940 2921 44 24 so
997 2923 61 24 we
1071 2910 187 36 dreamed
1272 2924 54 36 up
1340 2913 63 35 the
1416 2913 69 35 Mr.

63 2961 238 38 Melonhead
320 2964 98 36 idea.

120 3019 115 36 What
250 3020 198 35 underlies
465 3033 20 24 a
501 3020 54 36 lot
569 3020 41 36 of
624 3022 109 36 these
746 3022 331 38 demonstrations
1094 3027 30 33 is
1139 3025 82 36 that
1233 3038 79 36 you
1329 3031 104 31 want
1449 3031 35 31 to

63 3080 58 44 try
139 3080 38 31 to
194 3076 117 36 infect
328 3077 63 36 the
408 3079 181 36 students
606 3080 96 35 with
720 3091 98 36 your
833 3080 244 36 enthusiasm
1096 3080 58 36 for
1172 3082 61 36 the
1250 3083 154 49 subject.
1425 3085 58 35 It's

61 3142 52 25 no
129 3132 165 35 wonder
309 3132 93 50 why
417 3134 183 36 students
616 3148 63 24 are
694 3135 107 36 often
817 3137 140 36 mrned
975 3137 58 36 off
1046 3142 39 31 to
1099 3140 151 35 science
1266 3145 36 30 at
1318 3151 49 24 an
1381 3140 102 47 early

63 3200 71 38 age
151 3189 118 36 when
287 3192 28 33 it
334 3192 30 35 is
383 3192 209 46 presented
614 3203 39 25 as
674 3205 20 24 a
713 3194 102 35 dead
836 3194 74 35 fact
928 3194 121 36 based
1066 3194 109 50 body
1192 3195 43 36 of
1252 3195 231 50 knowledge

61 3244 82 36 that
162 3257 80 36 you
261 3246 102 36 have
381 3252 41 30 to
443 3250 225 39 memorize,
688 3261 79 36 you
789 3250 99 35 have
907 3255 39 31 to
967 3254 231 46 regurgitate
1282 3252 71 36 but
1373 3254 110 36 that's

61 3307 68 30 not
150 3304 150 35 science
320 3307 38 31 at
378 3304 60 35 all.
460 3306 157 36 Science
639 3307 28 35 is
690 3318 20 24 a
731 3307 94 35 wild
850 3307 162 35 frontier.
1035 3309 63 35 It's
1120 3320 19 24 a
1161 3315 106 43 great
1285 3310 123 35 outlet
1428 3310 55 35 for

61 3359 205 49 creativity,
282 3359 77 36 and
376 3359 117 36 that's
509 3361 65 36 the
589 3364 106 33 main
710 3375 139 24 reason
863 3376 61 22 we
939 3364 52 36 do
1008 3364 340 38 demonstrations:
1376 3378 107 25 some

61 3414 41 36 of
115 3416 131 35 which
260 3416 102 36 have
378 3417 186 36 heuristic
578 3419 128 43 value,
721 3420 77 35 and
816 3431 112 24 some
942 3420 41 35 of
997 3420 129 36 which
1142 3435 63 22 are
1216 3424 77 47 just
1309 3422 58 36 for
1383 3424 77 35 fun.

61 3471 50 44 Q.
134 3469 30 38 If
181 3472 293 36 Neuroscience
494 3472 28 36 is
545 3472 356 52 interdisciplinary,
920 3476 74 36 will
1017 3477 25 35 it
1061 3482 178 43 separate
1260 3477 101 38 itself
1378 3490 106 25 more

60 3524 99 38 from
176 3526 66 38 the
260 3526 91 38 field
372 3528 41 38 of
430 3528 156 50 biology
606 3531 35 36 in
660 3531 128 36 future
805 3534 129 46 years?

60 3584 46 35 A.
120 3584 96 36 That
231 3584 117 49 really
362 3597 96 38 goes
472 3592 39 30 to
528 3587 63 35 the
605 3587 107 36 heart
728 3587 39 36 of
780 3589 176 36 whether
969 3594 274 33 neuroscience
1257 3594 30 33 is
1302 3594 181 47 correctly

60 3639 231 38 considered
304 3654 20 24 a
339 3643 266 49 subspecialty
616 3644 43 36 of
668 3644 165 49 biology,
847 3658 41 22 or
899 3646 176 36 whether
1088 3649 25 33 it
1128 3649 28 33 is
1170 3649 220 49 something
1403 3649 61 49 big-

60 3707 74 36 ger.
148 3698 120 35 There
282 3699 186 47 certainly
483 3712 63 22 are
561 3699 112 36 those
685 3701 93 35 who
791 3701 151 36 believe
956 3702 80 36 that
1050 3704 63 35 the
1128 3704 120 47 study
1260 3706 43 35 of
1313 3706 63 36 the
1389 3707 76 35 biol-

60 3764 79 36 ogy
150 3753 41 35 of
203 3753 63 36 the
277 3754 113 35 brain
402 3756 124 36 needs
540 3761 38 31 to
592 3757 135 35 follow
740 3759 65 35 the
816 3759 120 47 study
948 3759 65 35 the
1025 3761 120 47 study
1156 3761 43 35 of
1208 3761 104 36 basic
1324 3762 159 49 biology

120 3808 115 36 that's
250 3820 17 24 a
285 3811 238 49 completely
539 3813 104 35 valid
660 3814 200 47 approach
874 3814 76 36 and
967 3816 80 35 that
1061 3819 31 31 is
1109 3828 47 22 an
1173 3819 197 46 approach
1384 3820 96 35 used

58 3863 52 49 by
121 3876 112 24 some
243 3866 131 47 places
386 3868 82 35 that
480 3872 276 33 neuroscience
767 3871 153 36 doesn't
932 3872 117 47 really
1060 3874 107 41 exist,
1181 3876 27 31 it
1219 3876 30 31 is
1261 3874 117 49 really
1391 3887 68 24 neu-

60 3920 208 49 robiology.
283 3923 80 35 The
378 3924 113 35 other
506 3924 202 47 approach
721 3928 31 33 is
767 3932 80 28 sort
861 3926 41 36 of
918 3940 46 22 an
981 3928 369 49 acknowledgment
1364 3931 43 35 of
1419 3932 63 35 the

1569 128 80 38 fact
1676 129 88 36 that
1789 131 170 36 outside
1984 132 69 35 the

1569 184 96 36 field
1688 184 44 36 of
1753 184 167 50 biology
1943 187 110 35 there

1569 255 61 22 are
1641 243 140 47 people
1792 244 186 47 studying
1991 244 61 36 the

1567 309 187 25 nervous
1781 304 161 43 system
1969 301 82 35 and

1567 354 101 36 have
1682 356 99 36 been
1797 356 123 44 doing
1934 369 44 25 so
1994 357 58 36 for

1567 424 20 22 a
1600 411 93 49 long
1704 414 93 33 time
1868 413 58 35 for
1939 414 189 49 example,
2139 417 197 46 cognitive
2346 419 164 41 science,
2523 419 250 49 psychology,
2786 425 203 44 computer

1567 471 161 39 science,
1742 469 159 49 applied
1915 471 271 36 mathematics
2258 483 44 24 so
2315 472 109 36 there
2436 485 65 24 are
2513 474 219 36 additional
2746 476 243 38 dimensions

1567 529 38 30 to
1617 524 112 35 brain
1745 524 175 36 function
1935 526 80 36 that
2030 528 117 49 really
2164 528 61 35 fall
2243 529 156 36 outside
2413 531 43 35 of
2468 531 65 36 the
2546 532 225 35 traditional
2786 532 203 49 discipline

1565 581 43 36 of
1620 581 165 49 biology.
1803 584 50 33 At
1871 584 137 35 Brown
2025 595 61 25 we
2104 584 76 36 like
2197 591 38 30 to
2250 597 69 38 say
2339 586 82 36 that
2436 591 279 33 neuroscience
2732 591 31 35 is
2778 589 131 36 where
2924 589 65 38 the

1565 639 170 35 sciences
1753 650 203 38 converge,
1973 641 131 36 where
2121 641 214 36 molecular
2350 643 169 50 biology,
2535 646 184 47 genetics,
2737 646 167 49 physics,
2921 658 44 38 ap-

1565 694 106 49 plied
1688 696 109 36 math
1813 698 47 35 all
1879 698 109 35 focus
2005 699 38 33 in
2060 710 52 22 on
2128 698 66 36 the
2211 698 118 36 brain
2348 699 82 36 and
2449 713 63 24 we
2531 701 115 36 draw
2666 702 106 36 from
2787 707 202 44 expertise

1565 753 41 33 in
1625 764 121 38 many
1764 753 192 36 different
1975 753 132 38 fields.

1565 809 50 44 Q.
1638 808 117 38 What
1773 820 69 25 are
1861 820 22 25 a
1904 809 77 36 few
2002 811 131 49 things
2154 811 83 36 that
2260 811 151 50 shaped
2433 825 101 36 your
2554 814 101 49 style
2676 814 77 38 and
2773 814 213 41 substance

1565 876 94 25 over
1677 863 69 38 the
1765 868 134 44 years?

1564 923 46 35 A.
1627 923 120 36 What
1761 923 159 49 shaped
1937 935 66 38 my
2017 924 220 36 substance
2252 939 87 24 was
2354 928 68 35 the
2436 932 115 44 great
2565 929 183 36 teachers
2764 931 87 36 that
2865 932 13 35 I
2893 931 93 36 had.

1564 978 131 35 When
1720 980 11 33 I
1756 991 85 24 was
1868 992 17 22 a
1912 981 200 47 graduate
2137 983 170 35 student
2331 994 80 25 one
2435 984 44 36 of
2502 995 69 38 my
2595 984 186 38 teachers
2805 998 85 24 was
2912 987 76 44 Jim

1564 1036 224 41 Mcllwain,
1806 1038 94 35 who
1920 1038 31 35 is
1969 1049 94 24 now
2082 1038 189 50 teaching
2288 1046 91 43 part
2397 1039 44 36 of
2457 1041 142 36 Neuro
2616 1044 33 33 1.
2668 1043 13 35 I
2699 1043 165 36 learned
2883 1044 104 36 from

1564 1091 211 36 Mcllwain
1791 1104 117 25 some
1924 1093 135 49 things
2079 1094 85 36 that
2181 1107 65 24 are
2263 1098 224 49 extremely
2504 1099 227 47 important
2746 1098 61 38 for
2825 1110 161 27 success

2472 1157 39 33 in
2528 1156 200 49 teaching,
2742 1156 77 38 like
2833 1157 109 36 what
2954 1159 31 35 is

2471 1214 290 47 organization
2784 1213 80 36 and
2890 1214 77 36 clar-

2472 1271 63 46 ity.
2553 1269 82 36 The
2649 1272 282 46 organization
2945 1272 43 35 of

2471 1337 106 38 your
2597 1326 150 38 lecture
2765 1328 153 36 should
2937 1328 49 38 be

2471 1387 290 46 transparent.
2787 1384 85 36 The
2898 1391 66 30 stu-

2471 1439 134 36 dents
2646 1441 167 36 should
2855 1441 129 38 know

2469 1498 139 36 where
2631 1499 142 49 you're
2795 1501 139 49 going;
2956 1502 30 33 it

2471 1556 33 35 is
2550 1567 101 36 easy
2676 1561 41 31 to
2742 1556 55 36 do
2822 1557 87 36 that
2931 1557 54 49 by

2469 1614 176 47 putting
2672 1625 52 22 an
2751 1614 165 36 outline
2942 1614 46 36 of

2469 1680 113 36 your
2619 1669 169 36 lecture
2822 1682 55 25 on
2912 1671 72 36 the

2468 1724 128 38 board
2608 1726 139 38 before
2761 1731 178 46 starting.
2954 1728 31 36 If

2468 1794 85 36 you
2572 1787 76 43 put
2666 1783 85 36 that
2770 1784 156 36 outline
2943 1786 39 35 in

2468 1852 115 36 your
2617 1846 129 31 notes
2781 1854 88 36 you
2902 1854 80 24 can

2468 1907 194 38 compare
2682 1909 104 38 your
2806 1904 115 30 notes
2942 1904 41 31 to

2468 1954 69 35 the
2556 1954 156 36 outline
2732 1956 80 36 and
2831 1967 80 31 see,
2929 1956 54 38 oh

2468 2011 107 47 yeah
2602 2011 126 36 that's
2754 2011 94 36 how
2876 2014 28 33 it
2929 2013 52 36 all

2468 2066 72 38 fits
2569 2069 206 47 together.
2805 2069 176 50 Clarity:

2468 2124 137 49 speak
2633 2124 172 50 clearly,
2833 2126 148 38 define

2468 2181 74 36 the
2581 2194 96 25 new
2720 2187 134 33 terms
2894 2184 87 36 and

2468 2238 117 36 don't
2609 2246 129 30 resort
2764 2246 41 31 to
2825 2241 156 49 jargon,

2466 2298 243 49 something
2732 2298 124 36 we're
2880 2310 101 38 very

2466 2353 132 50 guilty
2613 2353 44 36 of
2669 2356 41 33 in
2724 2356 170 35 science.
2909 2356 72 47 Try

2466 2414 41 31 to
2528 2411 102 47 keep
2650 2411 69 35 the
2739 2411 68 49 big
2825 2414 156 47 picture

2466 2468 43 33 in
2535 2466 134 36 mind.
2699 2468 129 36 Don't
2854 2469 126 36 allow

2466 2524 184 46 yourself
2660 2529 43 30 to
2715 2524 154 49 digress
2883 2531 98 30 onto

2465 2580 233 49 something
2712 2592 80 36 you
2808 2581 85 36 find
2909 2586 71 33 ter-

1556 2630 102 49 ribly
1676 2633 175 47 exciting
1868 2631 80 36 and
1965 2635 241 47 interesting
2222 2633 72 36 but
2312 2636 124 47 really
2454 2638 41 35 in
2512 2638 68 35 the
2594 2638 71 49 big
2680 2639 157 47 picture
2854 2639 126 35 aren't

1556 2687 52 35 all
1628 2687 85 36 that
1734 2690 235 46 important.
1991 2690 118 35 What
2129 2701 82 36 you
2233 2690 113 36 often
2367 2690 87 38 find
2477 2694 33 33 is
2531 2693 87 36 that
2638 2693 230 49 professors
2887 2698 93 46 give

1556 2743 102 36 their
1671 2750 126 30 worst
1813 2745 170 36 lectures
1998 2759 54 22 on
2068 2746 102 36 their
2184 2759 94 24 own
2294 2748 99 36 field
2409 2750 43 35 of
2466 2751 216 47 expertise,
2694 2750 175 38 because
2885 2751 94 50 they

1556 2811 71 25 can
1649 2802 82 36 lose
1750 2802 110 49 sight
1877 2803 43 35 of
1935 2803 66 35 the
2020 2803 126 35 forest
2164 2803 61 36 for
2243 2803 68 36 the
2329 2809 113 31 trees.

1613 2858 82 35 The
1713 2858 77 49 key
1808 2860 94 35 here
1921 2861 33 33 is
1973 2865 39 31 to
2033 2865 61 44 try
2113 2865 41 31 to
2173 2861 112 35 learn
2304 2861 106 36 from
2428 2863 68 35 the
2515 2863 203 36 students.
2739 2865 241 38 Sometimes

1556 2915 27 35 it
1603 2915 31 35 is
1657 2915 124 49 really
1800 2915 102 35 hard
1923 2921 41 30 to
1984 2917 94 35 read
2101 2917 68 36 the
2189 2918 167 36 student
2376 2920 261 38 evaluations
2658 2921 121 36 when
2800 2923 94 47 they
2913 2934 66 25 are

1554 2972 164 35 critical.
1746 2972 31 36 If
1798 2984 83 36 you
1909 2973 124 49 really
2058 2975 91 35 take
2173 2986 104 36 your
2302 2976 192 49 teaching
2520 2978 205 50 seriously
2748 2978 80 36 and
2854 2980 126 49 really

1556 3028 129 35 throw
1702 3028 184 49 yourself
1902 3031 85 33 into
2005 3031 39 41 it,
2063 3043 82 38 you
2164 3030 76 36 feel
2257 3044 20 24 a
2294 3031 102 38 little
2413 3033 96 36 hurt
2524 3035 123 36 when
2663 3046 83 38 you
2764 3036 94 36 read
2874 3038 87 35 criti-

1554 3085 58 35 cal
1630 3091 227 31 comments
1874 3087 124 36 about
2014 3099 102 36 your
2132 3090 203 49 teaching,
2350 3090 76 35 but
2439 3102 80 36 you
2539 3098 110 43 gotta
2666 3104 72 38 say
2751 3093 110 36 what
2877 3106 74 24 can
2965 3094 11 35 I

1556 3142 110 35 learn
1691 3142 104 35 from
1820 3142 91 43 this,
1937 3143 93 35 how
2055 3156 74 24 can
2156 3145 11 35 I
2191 3145 50 35 be
2265 3157 19 24 a
2312 3146 101 36 little
2435 3146 60 36 bit
2520 3148 206 43 different,
2750 3150 94 35 how
2868 3161 76 24 can
2965 3150 13 35 I

1554 3198 156 47 change
1731 3200 66 35 the
1816 3211 93 36 way
1929 3202 9 35 I
1962 3202 206 47 approach
2191 3203 66 35 the
2277 3203 175 49 subject?
2476 3205 140 36 Neuro
2638 3208 14 33 1
2677 3206 139 36 makes
2836 3209 28 33 it
2883 3219 96 36 easy

1553 3255 176 35 because
1742 3268 63 22 we
1820 3255 102 36 have
1939 3257 337 50 undergraduate
2290 3260 191 49 teaching
2496 3263 216 35 assistants
2726 3263 94 35 who
2835 3274 66 24 are
2915 3274 43 24 ex-

1554 3312 145 35 cellent
1715 3313 80 35 and
1813 3313 93 47 they
1923 3313 85 36 also
2025 3317 91 46 give
2132 3326 83 36 you
2233 3315 209 38 feedback.
2460 3318 146 36 Where
2622 3318 66 36 the
2702 3320 169 36 student
2885 3332 93 36 may

1554 3367 74 36 feel
1644 3367 233 36 threatened
1894 3375 38 30 to
1946 3372 91 47 give
2052 3383 80 36 you
2146 3373 191 47 personal
2351 3373 195 38 feedback
2562 3386 52 25 on
2628 3376 243 49 something,
2885 3376 93 50 they

1554 3438 71 22 can
1646 3425 54 36 do
1718 3428 28 33 it
1764 3427 178 47 through
1962 3428 66 35 the
2047 3428 61 35 TA
2126 3428 80 35 and
2225 3428 68 36 the
2312 3430 83 36 TAs
2416 3443 72 24 can
2509 3438 148 43 report.

1625 3482 65 35 We
1709 3482 104 35 have
1831 3494 49 22 an
1899 3494 94 38 easy
2009 3485 68 47 job
2094 3485 176 36 because
2288 3487 68 36 the
2373 3498 183 27 nervous
2573 3494 156 43 system
2746 3491 31 33 is
2797 3501 44 24 so
2860 3491 98 35 inter-

1553 3540 143 46 esting.
1717 3539 31 36 If
1764 3551 80 36 you
1861 3540 80 36 had
1961 3542 66 35 the
2046 3543 96 33 time
2159 3542 80 35 and
2258 3543 66 35 the
2340 3548 276 46 opportunity
2633 3550 39 33 to
2690 3546 91 36 take
2798 3559 17 24 a
2833 3559 145 25 course

1553 3598 39 30 to
1614 3594 110 35 learn
1746 3595 233 50 something
2000 3597 126 36 about
2146 3598 93 35 how
2261 3611 104 35 your
2384 3602 117 36 brain
2521 3603 150 41 works,
2694 3603 9 35 I
2726 3605 106 35 can't
2852 3606 101 47 imag-

1554 3654 63 33 ine
1643 3663 159 36 anyone
1827 3658 68 30 not
1920 3655 140 47 taking
2083 3655 85 35 that
2192 3660 279 47 opportunity.
2498 3658 13 35 I
2534 3658 124 36 could
2682 3672 72 36 say
2776 3660 66 36 the
2866 3672 112 25 same

1553 3707 115 49 thing
1685 3709 123 35 about
1825 3709 66 36 the
1907 3713 271 46 opportunity
2195 3717 41 30 to
2252 3713 93 35 take
2361 3724 50 25 an
2427 3720 241 44 astronomy
2683 3728 143 25 course
2843 3717 135 38 where

1551 3776 82 35 you
1650 3765 93 35 look
1757 3770 39 30 at
1813 3767 65 35 the
1893 3767 176 47 galaxies
2085 3780 123 36 every
2224 3769 115 49 night
2354 3772 79 35 and
2450 3784 83 36 you
2550 3773 106 35 can't
2669 3773 94 49 help
2780 3775 71 35 but
2865 3786 83 25 won-

1551 3820 80 41 der,
1813 3822 55 35 do
1885 3835 61 22 we
1965 3824 121 35 know
2107 3824 126 36 about

1553 3923 280 46 INTERVIEW
1855 3924 61 46 BY
1939 3924 200 47 STUART
2159 3928 271 47 WEISBERG

2173 2559 90 25 ROSS
2279 2559 120 27 KRIBBS

1458 4047 118 71 13

2249 167 277 47 TEACHING
2546 170 66 44 AT
2633 170 213 46 BROWN:

2224 235 661 72 CONVERSATIONS
