<?xml version="1.0" encoding="UTF-8"?>
<alto xmlns:xsi="http://www.w3.org/2001/XMLSchema-instance" xmlns="http://www.loc.gov/standards/alto/ns-v2#" xsi:schemaLocation="http://www.loc.gov/standards/alto/ns-v2# http://www.loc.gov/standards/alto/v2/alto-2-0.xsd" xmlns:xlink="http://www.w3.org/1999/xlink">
	<Description>
		<MeasurementUnit>pixel</MeasurementUnit>
		<sourceImageInformation>
			<fileName>../11_03/BDH_1995_12_11_00022.jp2</fileName>
		</sourceImageInformation>
		<OCRProcessing ID="OCRPROCESSING_1">
			<preProcessingStep>
				<processingSoftware>
					<softwareCreator>CCS Content Conversion Specialists GmbH, Germany</softwareCreator>
					<softwareName>CCS docWorks</softwareName>
					<softwareVersion>7.0-1.4</softwareVersion>
				</processingSoftware>
			</preProcessingStep>
			<ocrProcessingStep>
				<processingSoftware>
					<softwareCreator>ABBYY (BIT Software), Russia</softwareCreator>
					<softwareName>FineReader</softwareName>
					<softwareVersion>11.0</softwareVersion>
				</processingSoftware>
			</ocrProcessingStep>
			<postProcessingStep>
				<processingSoftware>
					<softwareCreator>CCS Content Conversion Specialists GmbH, Germany</softwareCreator>
					<softwareName>CCS docWorks</softwareName>
					<softwareVersion>7.0-1.4</softwareVersion>
					<applicationDescription>docWorks: Text modified manually, or automatically replaced</applicationDescription>
				</processingSoftware>
			</postProcessingStep>
		</OCRProcessing>
	</Description>
	<Styles>
		<TextStyle ID="TXT_0" FONTSIZE="11" FONTFAMILY="Times New Roman" FONTSTYLE="bold"/>
		<TextStyle ID="TXT_1" FONTSIZE="47" FONTFAMILY="Times New Roman"/>
		<TextStyle ID="TXT_2" FONTSIZE="14" FONTFAMILY="Times New Roman" FONTSTYLE="bold italics"/>
		<TextStyle ID="TXT_3" FONTSIZE="9" FONTFAMILY="Times New Roman" FONTSTYLE="italics"/>
		<TextStyle ID="TXT_4" FONTSIZE="9" FONTFAMILY="Times New Roman" FONTSTYLE="bold"/>
		<TextStyle ID="TXT_5" FONTSIZE="9" FONTFAMILY="Times New Roman"/>
		<TextStyle ID="TXT_6" FONTSIZE="9" FONTFAMILY="Arial"/>
		<TextStyle ID="TXT_7" FONTSIZE="9" FONTFAMILY="Arial" FONTSTYLE="italics"/>
		<TextStyle ID="TXT_8" FONTSIZE="6" FONTFAMILY="Times New Roman"/>
		<TextStyle ID="TXT_9" FONTSIZE="7" FONTFAMILY="Times New Roman"/>
		<TextStyle ID="TXT_10" FONTSIZE="37" FONTFAMILY="Arial"/>
		<ParagraphStyle ID="PAR_LEFT" ALIGN="Left"/>
		<ParagraphStyle ID="PAR_BLOCK" ALIGN="Block"/>
		<ParagraphStyle ID="PAR_RIGHT" ALIGN="Right"/>
	</Styles>
	<Layout>
		<Page ID="P22" PHYSICAL_IMG_NR="22" HEIGHT="4141" WIDTH="3126" PRINTED_IMG_NR="20" PC="0.943">
			<TopMargin ID="P22_TM00001" HPOS="0" VPOS="0" WIDTH="3126" HEIGHT="91"/>
			<LeftMargin ID="P22_LM00001" HPOS="0" VPOS="91" WIDTH="230" HEIGHT="3991"/>
			<RightMargin ID="P22_RM00001" HPOS="3123" VPOS="91" WIDTH="3" HEIGHT="3991"/>
			<BottomMargin ID="P22_BM00001" HPOS="0" VPOS="4082" WIDTH="3126" HEIGHT="60"/>
			<PrintSpace ID="P22_PS00001" HPOS="230" VPOS="91" WIDTH="2893" HEIGHT="3991">
				<TextBlock ID="P22_TB00001" HPOS="230" VPOS="91" WIDTH="783" HEIGHT="99" language="en" STYLEREFS="TXT_0 PAR_LEFT">
					<TextLine ID="P22_TL00001" HPOS="230" VPOS="99" WIDTH="688" HEIGHT="88">
						<String ID="P22_ST00001" HPOS="230" VPOS="99" WIDTH="19" HEIGHT="88" CONTENT="|" WC="0.42" CC="5"/>
						<SP ID="P22_SP00001" HPOS="249" VPOS="187" WIDTH="33"/>
						<String ID="P22_ST00002" HPOS="282" VPOS="118" WIDTH="350" HEIGHT="55" CONTENT="COMPUTER" WC="1.00" CC="60300000"/>
						<SP ID="P22_SP00002" HPOS="631" VPOS="187" WIDTH="25"/>
						<String ID="P22_ST00003" HPOS="657" VPOS="112" WIDTH="261" HEIGHT="58" CONTENT="SCIENCE" WC="0.99" CC="0650160"/>
					</TextLine>
				</TextBlock>
				<TextBlock ID="P22_TB00002" HPOS="257" VPOS="230" WIDTH="2310" HEIGHT="235" language="en" STYLEREFS="TXT_1 PAR_LEFT">
					<TextLine ID="P22_TL00002" HPOS="260" VPOS="230" WIDTH="2307" HEIGHT="235">
						<String ID="P22_ST00004" HPOS="260" VPOS="246" WIDTH="635" HEIGHT="192" CONTENT="Leslie" WC="1.00" CC="000200"/>
						<SP ID="P22_SP00003" HPOS="894" VPOS="438" WIDTH="65"/>
						<String ID="P22_ST00005" HPOS="959" VPOS="235" WIDTH="532" HEIGHT="198" CONTENT="Pack" WC="1.00" CC="0000"/>
						<SP ID="P22_SP00004" HPOS="1491" VPOS="438" WIDTH="54"/>
						<String ID="P22_ST00006" HPOS="1545" VPOS="230" WIDTH="1022" HEIGHT="235" CONTENT="Kaelbling" WC="0.86" CC="300104200"/>
					</TextLine>
				</TextBlock>
				<TextBlock ID="P22_TB00003" HPOS="258" VPOS="482" WIDTH="2845" HEIGHT="194" language="en" STYLEREFS="TXT_2 PAR_LEFT">
					<TextLine ID="P22_TL00003" HPOS="266" VPOS="482" WIDTH="2837" HEIGHT="100">
						<String ID="P22_ST00007" HPOS="266" VPOS="513" WIDTH="58" HEIGHT="57" CONTENT="“I" WC="0.60" CC="80"/>
						<SP ID="P22_SP00005" HPOS="324" VPOS="570" WIDTH="14"/>
						<String ID="P22_ST00008" HPOS="339" VPOS="512" WIDTH="162" HEIGHT="58" CONTENT="have" WC="0.99" CC="0002"/>
						<SP ID="P22_SP00006" HPOS="501" VPOS="570" WIDTH="22"/>
						<String ID="P22_ST00009" HPOS="523" VPOS="509" WIDTH="124" HEIGHT="58" CONTENT="this" WC="1.00" CC="0000"/>
						<SP ID="P22_SP00007" HPOS="647" VPOS="570" WIDTH="17"/>
						<String ID="P22_ST00010" HPOS="665" VPOS="506" WIDTH="258" HEIGHT="76" CONTENT="agenda" WC="0.99" CC="601002"/>
						<SP ID="P22_SP00008" HPOS="923" VPOS="581" WIDTH="22"/>
						<String ID="P22_ST00011" HPOS="945" VPOS="513" WIDTH="63" HEIGHT="49" CONTENT="to" WC="1.00" CC="00"/>
						<SP ID="P22_SP00009" HPOS="1008" VPOS="581" WIDTH="20"/>
						<String ID="P22_ST00012" HPOS="1028" VPOS="502" WIDTH="472" HEIGHT="58" CONTENT="communicate" WC="1.00" CC="00000000000"/>
						<SP ID="P22_SP00010" HPOS="1501" VPOS="581" WIDTH="22"/>
						<String ID="P22_ST00013" HPOS="1523" VPOS="506" WIDTH="61" HEIGHT="49" CONTENT="to" WC="0.97" CC="00"/>
						<SP ID="P22_SP00011" HPOS="1584" VPOS="581" WIDTH="17"/>
						<String ID="P22_ST00014" HPOS="1602" VPOS="494" WIDTH="225" HEIGHT="77" CONTENT="people" WC="0.99" CC="600500"/>
						<SP ID="P22_SP00012" HPOS="1827" VPOS="581" WIDTH="22"/>
						<String ID="P22_ST00015" HPOS="1849" VPOS="494" WIDTH="143" HEIGHT="57" CONTENT="that" WC="1.00" CC="0010"/>
						<SP ID="P22_SP00013" HPOS="1992" VPOS="581" WIDTH="8"/>
						<String ID="P22_ST00016" HPOS="2000" VPOS="510" WIDTH="129" HEIGHT="55" CONTENT="you" WC="1.00" CC="000"/>
						<SP ID="P22_SP00014" HPOS="2129" VPOS="581" WIDTH="19"/>
						<String ID="P22_ST00017" HPOS="2148" VPOS="490" WIDTH="180" HEIGHT="57" CONTENT="don't" WC="1.00" CC="00030"/>
						<SP ID="P22_SP00015" HPOS="2328" VPOS="581" WIDTH="17"/>
						<String ID="P22_ST00018" HPOS="2345" VPOS="488" WIDTH="165" HEIGHT="58" CONTENT="have" WC="1.00" CC="0001"/>
						<SP ID="P22_SP00016" HPOS="2510" VPOS="581" WIDTH="20"/>
						<String ID="P22_ST00019" HPOS="2531" VPOS="496" WIDTH="63" HEIGHT="49" CONTENT="to" WC="1.00" CC="00"/>
						<SP ID="P22_SP00017" HPOS="2594" VPOS="581" WIDTH="20"/>
						<String ID="P22_ST00020" HPOS="2614" VPOS="485" WIDTH="77" HEIGHT="58" CONTENT="he" WC="0.47" CC="45"/>
						<SP ID="P22_SP00018" HPOS="2691" VPOS="581" WIDTH="19"/>
						<String ID="P22_ST00021" HPOS="2710" VPOS="504" WIDTH="43" HEIGHT="39" CONTENT="a" WC="1.00" CC="0"/>
						<SP ID="P22_SP00019" HPOS="2753" VPOS="581" WIDTH="16"/>
						<String ID="P22_ST00022" HPOS="2769" VPOS="485" WIDTH="156" HEIGHT="74" CONTENT="geek" WC="0.98" CC="3204"/>
						<SP ID="P22_SP00020" HPOS="2924" VPOS="581" WIDTH="20"/>
						<String ID="P22_ST00023" HPOS="2945" VPOS="491" WIDTH="61" HEIGHT="49" CONTENT="to" WC="1.00" CC="00"/>
						<SP ID="P22_SP00021" HPOS="3006" VPOS="581" WIDTH="20"/>
						<String ID="P22_ST00024" HPOS="3027" VPOS="482" WIDTH="76" HEIGHT="57" CONTENT="be" WC="0.94" CC="01"/>
					</TextLine>
					<TextLine ID="P22_TL00004" HPOS="260" VPOS="597" WIDTH="682" HEIGHT="79">
						<String ID="P22_ST00025" HPOS="260" VPOS="608" WIDTH="334" HEIGHT="68" CONTENT="computer" WC="1.00" CC="00000000"/>
						<SP ID="P22_SP00022" HPOS="594" VPOS="676" WIDTH="13"/>
						<String ID="P22_ST00026" HPOS="606" VPOS="597" WIDTH="335" HEIGHT="60" CONTENT="scientist”" WC="1.00" CC="0001000008"/>
					</TextLine>
				</TextBlock>
				<TextBlock ID="P22_TB00004" HPOS="280" VPOS="2296" WIDTH="941" HEIGHT="780" language="en" STYLEREFS="TXT_3 PAR_BLOCK">
					<TextLine ID="P22_TL00005" HPOS="282" VPOS="2296" WIDTH="931" HEIGHT="57">
						<String ID="P22_ST00027" HPOS="282" VPOS="2306" WIDTH="39" HEIGHT="36" CONTENT="In" WC="0.95" CC="00"/>
						<SP ID="P22_SP00023" HPOS="321" VPOS="2342" WIDTH="20"/>
						<String ID="P22_ST00028" HPOS="342" VPOS="2309" WIDTH="91" HEIGHT="33" CONTENT="most" WC="0.99" CC="0006"/>
						<SP ID="P22_SP00024" HPOS="433" VPOS="2342" WIDTH="19"/>
						<String ID="P22_ST00029" HPOS="452" VPOS="2302" WIDTH="131" HEIGHT="50" CONTENT="college" WC="1.00" CC="0400000"/>
						<SP ID="P22_SP00025" HPOS="583" VPOS="2353" WIDTH="19"/>
						<String ID="P22_ST00030" HPOS="602" VPOS="2312" WIDTH="142" HEIGHT="27" CONTENT="courses" WC="0.99" CC="3444000"/>
						<SP ID="P22_SP00026" HPOS="743" VPOS="2353" WIDTH="22"/>
						<String ID="P22_ST00031" HPOS="765" VPOS="2301" WIDTH="57" HEIGHT="36" CONTENT="the" WC="0.99" CC="300"/>
						<SP ID="P22_SP00027" HPOS="822" VPOS="2353" WIDTH="17"/>
						<String ID="P22_ST00032" HPOS="839" VPOS="2298" WIDTH="176" HEIGHT="50" CONTENT="professor" WC="0.99" CC="751000002"/>
						<SP ID="P22_SP00028" HPOS="1016" VPOS="2353" WIDTH="17"/>
						<String ID="P22_ST00033" HPOS="1033" VPOS="2299" WIDTH="30" HEIGHT="35" CONTENT="is" WC="1.00" CC="00"/>
						<SP ID="P22_SP00029" HPOS="1063" VPOS="2353" WIDTH="19"/>
						<String ID="P22_ST00034" HPOS="1082" VPOS="2296" WIDTH="76" HEIGHT="38" CONTENT="able" WC="0.99" CC="4000"/>
						<SP ID="P22_SP00030" HPOS="1157" VPOS="2353" WIDTH="22"/>
						<String ID="P22_ST00035" HPOS="1180" VPOS="2301" WIDTH="33" HEIGHT="31" CONTENT="to" WC="0.52" CC="54"/>
					</TextLine>
					<TextLine ID="P22_TL00006" HPOS="282" VPOS="2354" WIDTH="932" HEIGHT="57">
						<String ID="P22_ST00036" HPOS="282" VPOS="2362" WIDTH="98" HEIGHT="36" CONTENT="draw" WC="0.98" CC="4043"/>
						<SP ID="P22_SP00031" HPOS="380" VPOS="2398" WIDTH="3"/>
						<String ID="P22_ST00037" HPOS="383" VPOS="2361" WIDTH="99" HEIGHT="50" CONTENT="from" WC="0.98" CC="0008"/>
						<SP ID="P22_SP00032" HPOS="482" VPOS="2411" WIDTH="11"/>
						<String ID="P22_ST00038" HPOS="493" VPOS="2372" WIDTH="20" HEIGHT="25" CONTENT="a" WC="0.52" CC="4"/>
						<SP ID="P22_SP00033" HPOS="513" VPOS="2411" WIDTH="14"/>
						<String ID="P22_ST00039" HPOS="528" VPOS="2359" WIDTH="93" HEIGHT="49" CONTENT="body" WC="0.99" CC="0003"/>
						<SP ID="P22_SP00034" HPOS="620" VPOS="2411" WIDTH="3"/>
						<String ID="P22_ST00040" HPOS="624" VPOS="2357" WIDTH="96" HEIGHT="50" CONTENT="facts" WC="1.00" CC="00000"/>
						<SP ID="P22_SP00035" HPOS="720" VPOS="2411" WIDTH="14"/>
						<String ID="P22_ST00041" HPOS="734" VPOS="2370" WIDTH="41" HEIGHT="25" CONTENT="or" WC="1.00" CC="00"/>
						<SP ID="P22_SP00036" HPOS="775" VPOS="2411" WIDTH="11"/>
						<String ID="P22_ST00042" HPOS="786" VPOS="2356" WIDTH="167" HEIGHT="38" CONTENT="evidence" WC="1.00" CC="00005100"/>
						<SP ID="P22_SP00037" HPOS="953" VPOS="2411" WIDTH="11"/>
						<String ID="P22_ST00043" HPOS="964" VPOS="2354" WIDTH="117" HEIGHT="38" CONTENT="which" WC="0.99" CC="34000"/>
						<SP ID="P22_SP00038" HPOS="1080" VPOS="2411" WIDTH="13"/>
						<String ID="P22_ST00044" HPOS="1093" VPOS="2365" WIDTH="66" HEIGHT="25" CONTENT="can" WC="0.96" CC="090"/>
						<SP ID="P22_SP00039" HPOS="1159" VPOS="2411" WIDTH="14"/>
						<String ID="P22_ST00045" HPOS="1173" VPOS="2354" WIDTH="41" HEIGHT="36" CONTENT="be" WC="1.00" CC="00"/>
					</TextLine>
					<TextLine ID="P22_TL00007" HPOS="282" VPOS="2409" WIDTH="932" HEIGHT="59">
						<String ID="P22_ST00046" HPOS="282" VPOS="2416" WIDTH="184" HEIGHT="52" CONTENT="presented" WC="1.00" CC="700000300"/>
						<SP ID="P22_SP00040" HPOS="466" VPOS="2468" WIDTH="24"/>
						<String ID="P22_ST00047" HPOS="490" VPOS="2420" WIDTH="35" HEIGHT="31" CONTENT="to" WC="0.58" CC="43"/>
						<SP ID="P22_SP00041" HPOS="524" VPOS="2468" WIDTH="19"/>
						<String ID="P22_ST00048" HPOS="543" VPOS="2416" WIDTH="178" HEIGHT="36" CONTENT="students." WC="1.00" CC="020008000"/>
						<SP ID="P22_SP00042" HPOS="721" VPOS="2468" WIDTH="24"/>
						<String ID="P22_ST00049" HPOS="745" VPOS="2414" WIDTH="85" HEIGHT="36" CONTENT="This" WC="1.00" CC="2000"/>
						<SP ID="P22_SP00043" HPOS="830" VPOS="2468" WIDTH="20"/>
						<String ID="P22_ST00050" HPOS="850" VPOS="2414" WIDTH="30" HEIGHT="36" CONTENT="is" WC="1.00" CC="00"/>
						<SP ID="P22_SP00044" HPOS="880" VPOS="2468" WIDTH="20"/>
						<String ID="P22_ST00051" HPOS="901" VPOS="2416" WIDTH="63" HEIGHT="33" CONTENT="not" WC="0.96" CC="900"/>
						<SP ID="P22_SP00045" HPOS="964" VPOS="2468" WIDTH="24"/>
						<String ID="P22_ST00052" HPOS="987" VPOS="2411" WIDTH="55" HEIGHT="36" CONTENT="the" WC="1.00" CC="000"/>
						<SP ID="P22_SP00046" HPOS="1043" VPOS="2468" WIDTH="22"/>
						<String ID="P22_ST00053" HPOS="1065" VPOS="2422" WIDTH="77" HEIGHT="25" CONTENT="case" WC="0.99" CC="2400"/>
						<SP ID="P22_SP00047" HPOS="1142" VPOS="2468" WIDTH="11"/>
						<String ID="P22_ST00054" HPOS="1153" VPOS="2409" WIDTH="61" HEIGHT="50" CONTENT="for" WC="1.00" CC="000"/>
					</TextLine>
					<TextLine ID="P22_TL00008" HPOS="283" VPOS="2468" WIDTH="931" HEIGHT="63">
						<String ID="P22_ST00055" HPOS="283" VPOS="2474" WIDTH="180" HEIGHT="50" CONTENT="Professor" WC="1.00" CC="000000050"/>
						<SP ID="P22_SP00048" HPOS="463" VPOS="2524" WIDTH="14"/>
						<String ID="P22_ST00056" HPOS="477" VPOS="2472" WIDTH="110" HEIGHT="38" CONTENT="Leslie" WC="1.00" CC="100000"/>
						<SP ID="P22_SP00049" HPOS="587" VPOS="2524" WIDTH="14"/>
						<String ID="P22_ST00057" HPOS="602" VPOS="2471" WIDTH="93" HEIGHT="38" CONTENT="Pack" WC="1.00" CC="0000"/>
						<SP ID="P22_SP00050" HPOS="694" VPOS="2524" WIDTH="14"/>
						<String ID="P22_ST00058" HPOS="709" VPOS="2469" WIDTH="197" HEIGHT="61" CONTENT="Kaelbling." WC="0.81" CC="0600000084"/>
						<SP ID="P22_SP00051" HPOS="906" VPOS="2531" WIDTH="19"/>
						<String ID="P22_ST00059" HPOS="924" VPOS="2469" WIDTH="38" HEIGHT="36" CONTENT="In" WC="0.75" CC="40"/>
						<SP ID="P22_SP00052" HPOS="962" VPOS="2531" WIDTH="17"/>
						<String ID="P22_ST00060" HPOS="980" VPOS="2468" WIDTH="165" HEIGHT="50" CONTENT="artificial" WC="1.00" CC="1000000000"/>
						<SP ID="P22_SP00053" HPOS="1145" VPOS="2531" WIDTH="16"/>
						<String ID="P22_ST00061" HPOS="1161" VPOS="2468" WIDTH="36" HEIGHT="35" CONTENT="in" SUBS_TYPE="HypPart1" SUBS_CONTENT="intelligence" WC="1.00" CC="00"/>
						<HYP HPOS="1197" VPOS="2468" WIDTH="17" CONTENT="-"/>
					</TextLine>
					<TextLine ID="P22_TL00009" HPOS="287" VPOS="2523" WIDTH="928" HEIGHT="58">
						<String ID="P22_ST00062" HPOS="287" VPOS="2531" WIDTH="180" HEIGHT="50" CONTENT="telligence" SUBS_TYPE="HypPart2" SUBS_CONTENT="intelligence" WC="0.99" CC="0000061900"/>
						<SP ID="P22_SP00054" HPOS="466" VPOS="2581" WIDTH="13"/>
						<String ID="P22_ST00063" HPOS="479" VPOS="2529" WIDTH="93" HEIGHT="38" CONTENT="there" WC="1.00" CC="20000"/>
						<SP ID="P22_SP00055" HPOS="572" VPOS="2581" WIDTH="11"/>
						<String ID="P22_ST00064" HPOS="583" VPOS="2529" WIDTH="31" HEIGHT="36" CONTENT="is" WC="1.00" CC="00"/>
						<SP ID="P22_SP00056" HPOS="614" VPOS="2581" WIDTH="9"/>
						<String ID="P22_ST00065" HPOS="624" VPOS="2540" WIDTH="47" HEIGHT="25" CONTENT="no" WC="0.30" CC="94"/>
						<SP ID="P22_SP00057" HPOS="671" VPOS="2581" WIDTH="9"/>
						<String ID="P22_ST00066" HPOS="680" VPOS="2526" WIDTH="164" HEIGHT="52" CONTENT="accepted" WC="1.00" CC="00000000"/>
						<SP ID="P22_SP00058" HPOS="844" VPOS="2581" WIDTH="11"/>
						<String ID="P22_ST00067" HPOS="855" VPOS="2526" WIDTH="91" HEIGHT="49" CONTENT="body" WC="0.98" CC="0009"/>
						<SP ID="P22_SP00059" HPOS="946" VPOS="2581" WIDTH="9"/>
						<String ID="P22_ST00068" HPOS="956" VPOS="2524" WIDTH="43" HEIGHT="50" CONTENT="of" WC="0.98" CC="00"/>
						<SP ID="P22_SP00060" HPOS="998" VPOS="2581" WIDTH="3"/>
						<String ID="P22_ST00069" HPOS="1002" VPOS="2523" WIDTH="213" HEIGHT="50" CONTENT="knowledge," WC="1.00" CC="2040000000"/>
					</TextLine>
					<TextLine ID="P22_TL00010" HPOS="287" VPOS="2581" WIDTH="928" HEIGHT="55">
						<String ID="P22_ST00070" HPOS="287" VPOS="2600" WIDTH="46" HEIGHT="25" CONTENT="no" WC="0.93" CC="01"/>
						<SP ID="P22_SP00061" HPOS="332" VPOS="2625" WIDTH="16"/>
						<String ID="P22_ST00071" HPOS="348" VPOS="2598" WIDTH="124" HEIGHT="38" CONTENT="wrong" WC="1.00" CC="00000"/>
						<SP ID="P22_SP00062" HPOS="472" VPOS="2636" WIDTH="16"/>
						<String ID="P22_ST00072" HPOS="488" VPOS="2598" WIDTH="41" HEIGHT="27" CONTENT="or" WC="1.00" CC="00"/>
						<SP ID="P22_SP00063" HPOS="529" VPOS="2636" WIDTH="16"/>
						<String ID="P22_ST00073" HPOS="545" VPOS="2586" WIDTH="106" HEIGHT="50" CONTENT="right," WC="1.00" CC="100020"/>
						<SP ID="P22_SP00064" HPOS="650" VPOS="2636" WIDTH="17"/>
						<String ID="P22_ST00074" HPOS="668" VPOS="2597" WIDTH="47" HEIGHT="25" CONTENT="no" WC="0.52" CC="90"/>
						<SP ID="P22_SP00065" HPOS="715" VPOS="2636" WIDTH="13"/>
						<String ID="P22_ST00075" HPOS="728" VPOS="2584" WIDTH="94" HEIGHT="50" CONTENT="good" WC="1.00" CC="0010"/>
						<SP ID="P22_SP00066" HPOS="822" VPOS="2636" WIDTH="17"/>
						<String ID="P22_ST00076" HPOS="839" VPOS="2583" WIDTH="288" HEIGHT="50" CONTENT="interpretations" WC="1.00" CC="043010002000000"/>
						<SP ID="P22_SP00067" HPOS="1128" VPOS="2636" WIDTH="16"/>
						<String ID="P22_ST00077" HPOS="1143" VPOS="2581" WIDTH="71" HEIGHT="36" CONTENT="and" WC="1.00" CC="000"/>
					</TextLine>
					<TextLine ID="P22_TL00011" HPOS="287" VPOS="2643" WIDTH="380" HEIGHT="50">
						<String ID="P22_ST00078" HPOS="287" VPOS="2644" WIDTH="66" HEIGHT="38" CONTENT="bad" WC="0.97" CC="080"/>
						<SP ID="P22_SP00068" HPOS="353" VPOS="2682" WIDTH="14"/>
						<String ID="P22_ST00079" HPOS="367" VPOS="2643" WIDTH="299" HEIGHT="50" CONTENT="interpretations." WC="1.00" CC="0004000031000000"/>
					</TextLine>
					<TextLine ID="P22_TL00012" HPOS="354" VPOS="2694" WIDTH="865" HEIGHT="56">
						<String ID="P22_ST00080" HPOS="354" VPOS="2699" WIDTH="181" HEIGHT="50" CONTENT="Artificial" WC="1.00" CC="0000012000"/>
						<SP ID="P22_SP00069" HPOS="535" VPOS="2750" WIDTH="13"/>
						<String ID="P22_ST00081" HPOS="548" VPOS="2698" WIDTH="236" HEIGHT="50" CONTENT="intelligence," WC="1.00" CC="0020000000050"/>
						<SP ID="P22_SP00070" HPOS="784" VPOS="2750" WIDTH="14"/>
						<String ID="P22_ST00082" HPOS="798" VPOS="2696" WIDTH="72" HEIGHT="38" CONTENT="and" WC="1.00" CC="000"/>
						<SP ID="P22_SP00071" HPOS="871" VPOS="2750" WIDTH="14"/>
						<String ID="P22_ST00083" HPOS="885" VPOS="2699" WIDTH="186" HEIGHT="47" CONTENT="computer" WC="1.00" CC="10004050"/>
						<SP ID="P22_SP00072" HPOS="1071" VPOS="2750" WIDTH="11"/>
						<String ID="P22_ST00084" HPOS="1082" VPOS="2694" WIDTH="137" HEIGHT="36" CONTENT="science" WC="1.00" CC="0200000"/>
					</TextLine>
					<TextLine ID="P22_TL00013" HPOS="288" VPOS="2743" WIDTH="931" HEIGHT="65">
						<String ID="P22_ST00085" HPOS="288" VPOS="2756" WIDTH="99" HEIGHT="52" CONTENT="itself," WC="1.00" CC="0100000"/>
						<SP ID="P22_SP00073" HPOS="387" VPOS="2808" WIDTH="9"/>
						<String ID="P22_ST00086" HPOS="397" VPOS="2769" WIDTH="58" HEIGHT="25" CONTENT="are" WC="0.97" CC="700"/>
						<SP ID="P22_SP00074" HPOS="455" VPOS="2808" WIDTH="8"/>
						<String ID="P22_ST00087" HPOS="463" VPOS="2769" WIDTH="39" HEIGHT="25" CONTENT="so" WC="1.00" CC="00"/>
						<SP ID="P22_SP00075" HPOS="502" VPOS="2808" WIDTH="11"/>
						<String ID="P22_ST00088" HPOS="513" VPOS="2767" WIDTH="79" HEIGHT="25" CONTENT="new" WC="0.94" CC="950"/>
						<SP ID="P22_SP00076" HPOS="592" VPOS="2808" WIDTH="11"/>
						<String ID="P22_ST00089" HPOS="603" VPOS="2754" WIDTH="72" HEIGHT="38" CONTENT="that" WC="0.97" CC="2090"/>
						<SP ID="P22_SP00077" HPOS="676" VPOS="2808" WIDTH="19"/>
						<String ID="P22_ST00090" HPOS="694" VPOS="2765" WIDTH="139" HEIGHT="25" CONTENT="success" WC="0.99" CC="0001703"/>
						<SP ID="P22_SP00078" HPOS="833" VPOS="2808" WIDTH="11"/>
						<String ID="P22_ST00091" HPOS="844" VPOS="2754" WIDTH="38" HEIGHT="36" CONTENT="in" WC="1.00" CC="00"/>
						<SP ID="P22_SP00079" HPOS="882" VPOS="2808" WIDTH="13"/>
						<String ID="P22_ST00092" HPOS="894" VPOS="2753" WIDTH="55" HEIGHT="38" CONTENT="the" WC="0.99" CC="201"/>
						<SP ID="P22_SP00080" HPOS="950" VPOS="2808" WIDTH="2"/>
						<String ID="P22_ST00093" HPOS="951" VPOS="2743" WIDTH="88" HEIGHT="58" CONTENT="field" WC="0.98" CC="32007"/>
						<SP ID="P22_SP00081" HPOS="1039" VPOS="2808" WIDTH="9"/>
						<String ID="P22_ST00094" HPOS="1049" VPOS="2753" WIDTH="30" HEIGHT="36" CONTENT="is" WC="1.00" CC="00"/>
						<SP ID="P22_SP00082" HPOS="1079" VPOS="2808" WIDTH="11"/>
						<String ID="P22_ST00095" HPOS="1090" VPOS="2750" WIDTH="129" HEIGHT="50" CONTENT="largely" WC="1.00" CC="0000000"/>
					</TextLine>
					<TextLine ID="P22_TL00014" HPOS="287" VPOS="2808" WIDTH="934" HEIGHT="55">
						<String ID="P22_ST00096" HPOS="287" VPOS="2825" WIDTH="22" HEIGHT="25" CONTENT="a" WC="1.00" CC="0"/>
						<SP ID="P22_SP00083" HPOS="309" VPOS="2850" WIDTH="28"/>
						<String ID="P22_ST00097" HPOS="337" VPOS="2814" WIDTH="124" HEIGHT="36" CONTENT="result" WC="1.00" CC="000002"/>
						<SP ID="P22_SP00084" HPOS="461" VPOS="2850" WIDTH="28"/>
						<String ID="P22_ST00098" HPOS="490" VPOS="2811" WIDTH="46" HEIGHT="52" CONTENT="of" WC="1.00" CC="00"/>
						<SP ID="P22_SP00085" HPOS="535" VPOS="2863" WIDTH="19"/>
						<String ID="P22_ST00099" HPOS="554" VPOS="2811" WIDTH="376" HEIGHT="50" CONTENT="experimentation." WC="1.00" CC="3000000000500000"/>
						<SP ID="P22_SP00086" HPOS="931" VPOS="2863" WIDTH="31"/>
						<String ID="P22_ST00100" HPOS="962" VPOS="2808" WIDTH="140" HEIGHT="38" CONTENT="That's" WC="1.00" CC="200020"/>
						<SP ID="P22_SP00087" HPOS="1102" VPOS="2863" WIDTH="28"/>
						<String ID="P22_ST00101" HPOS="1131" VPOS="2808" WIDTH="90" HEIGHT="49" CONTENT="why" WC="0.93" CC="098"/>
					</TextLine>
					<TextLine ID="P22_TL00015" HPOS="290" VPOS="2865" WIDTH="931" HEIGHT="55">
						<String ID="P22_ST00102" HPOS="290" VPOS="2868" WIDTH="219" HEIGHT="52" CONTENT="Kaelbling's" WC="0.87" CC="05000008000"/>
						<SP ID="P22_SP00088" HPOS="509" VPOS="2920" WIDTH="9"/>
						<String ID="P22_ST00103" HPOS="518" VPOS="2868" WIDTH="165" HEIGHT="38" CONTENT="students" WC="0.99" CC="00300070"/>
						<SP ID="P22_SP00089" HPOS="683" VPOS="2920" WIDTH="9"/>
						<String ID="P22_ST00104" HPOS="693" VPOS="2868" WIDTH="46" HEIGHT="36" CONTENT="do" WC="1.00" CC="00"/>
						<SP ID="P22_SP00090" HPOS="739" VPOS="2920" WIDTH="13"/>
						<String ID="P22_ST00105" HPOS="751" VPOS="2871" WIDTH="61" HEIGHT="33" CONTENT="not" WC="0.98" CC="022"/>
						<SP ID="P22_SP00091" HPOS="813" VPOS="2920" WIDTH="9"/>
						<String ID="P22_ST00106" HPOS="822" VPOS="2866" WIDTH="113" HEIGHT="50" CONTENT="spend" WC="1.00" CC="00000"/>
						<SP ID="P22_SP00092" HPOS="935" VPOS="2920" WIDTH="11"/>
						<String ID="P22_ST00107" HPOS="946" VPOS="2865" WIDTH="91" HEIGHT="38" CONTENT="their" WC="0.99" CC="50000"/>
						<SP ID="P22_SP00093" HPOS="1038" VPOS="2920" WIDTH="11"/>
						<String ID="P22_ST00108" HPOS="1049" VPOS="2865" WIDTH="82" HEIGHT="38" CONTENT="time" WC="0.99" CC="6000"/>
						<SP ID="P22_SP00094" HPOS="1131" VPOS="2920" WIDTH="9"/>
						<String ID="P22_ST00109" HPOS="1140" VPOS="2876" WIDTH="61" HEIGHT="36" CONTENT="pas" SUBS_TYPE="HypPart1" SUBS_CONTENT="passively" WC="0.99" CC="070"/>
						<HYP HPOS="1202" VPOS="2876" WIDTH="19" CONTENT="-"/>
					</TextLine>
					<TextLine ID="P22_TL00016" HPOS="290" VPOS="2920" WIDTH="931" HEIGHT="58">
						<String ID="P22_ST00110" HPOS="290" VPOS="2928" WIDTH="113" HEIGHT="50" CONTENT="sively" SUBS_TYPE="HypPart2" SUBS_CONTENT="passively" WC="0.99" CC="001450"/>
						<SP ID="P22_SP00095" HPOS="403" VPOS="2978" WIDTH="13"/>
						<String ID="P22_ST00111" HPOS="416" VPOS="2926" WIDTH="192" HEIGHT="49" CONTENT="absorbing" WC="1.00" CC="000500000"/>
						<SP ID="P22_SP00096" HPOS="608" VPOS="2978" WIDTH="16"/>
						<String ID="P22_ST00112" HPOS="624" VPOS="2923" WIDTH="243" HEIGHT="50" CONTENT="information," WC="1.00" CC="000200900000"/>
						<SP ID="P22_SP00097" HPOS="866" VPOS="2978" WIDTH="19"/>
						<String ID="P22_ST00113" HPOS="885" VPOS="2923" WIDTH="65" HEIGHT="36" CONTENT="but" WC="1.00" CC="000"/>
						<SP ID="P22_SP00098" HPOS="950" VPOS="2978" WIDTH="19"/>
						<String ID="P22_ST00114" HPOS="969" VPOS="2926" WIDTH="65" HEIGHT="33" CONTENT="test" WC="1.00" CC="0000"/>
						<SP ID="P22_SP00099" HPOS="1033" VPOS="2978" WIDTH="17"/>
						<String ID="P22_ST00115" HPOS="1050" VPOS="2926" WIDTH="65" HEIGHT="31" CONTENT="out" WC="0.99" CC="101"/>
						<SP ID="P22_SP00100" HPOS="1115" VPOS="2978" WIDTH="17"/>
						<String ID="P22_ST00116" HPOS="1132" VPOS="2920" WIDTH="88" HEIGHT="36" CONTENT="their" WC="0.99" CC="40000"/>
					</TextLine>
					<TextLine ID="P22_TL00017" HPOS="291" VPOS="2981" WIDTH="929" HEIGHT="50">
						<String ID="P22_ST00117" HPOS="291" VPOS="2983" WIDTH="94" HEIGHT="38" CONTENT="ideas" WC="1.00" CC="00000"/>
						<SP ID="P22_SP00101" HPOS="386" VPOS="3020" WIDTH="82"/>
						<String ID="P22_ST00118" HPOS="468" VPOS="2994" WIDTH="87" HEIGHT="25" CONTENT="even" WC="0.99" CC="0300"/>
						<SP ID="P22_SP00102" HPOS="554" VPOS="3020" WIDTH="38"/>
						<String ID="P22_ST00119" HPOS="592" VPOS="2981" WIDTH="46" HEIGHT="50" CONTENT="by" WC="0.73" CC="50"/>
						<SP ID="P22_SP00103" HPOS="638" VPOS="3031" WIDTH="17"/>
						<String ID="P22_ST00120" HPOS="655" VPOS="2981" WIDTH="110" HEIGHT="49" CONTENT="using" WC="1.00" CC="00000"/>
						<SP ID="P22_SP00104" HPOS="765" VPOS="3031" WIDTH="17"/>
						<String ID="P22_ST00121" HPOS="783" VPOS="2981" WIDTH="109" HEIGHT="49" CONTENT="Legos" WC="0.99" CC="00040"/>
						<SP ID="P22_SP00105" HPOS="891" VPOS="3031" WIDTH="20"/>
						<String ID="P22_ST00122" HPOS="912" VPOS="2983" WIDTH="35" HEIGHT="33" CONTENT="to" WC="0.90" CC="10"/>
						<SP ID="P22_SP00106" HPOS="946" VPOS="3031" WIDTH="17"/>
						<String ID="P22_ST00123" HPOS="964" VPOS="2981" WIDTH="186" HEIGHT="35" CONTENT="construct" WC="1.00" CC="100030050"/>
						<SP ID="P22_SP00107" HPOS="1150" VPOS="3031" WIDTH="19"/>
						<String ID="P22_ST00124" HPOS="1169" VPOS="2989" WIDTH="35" HEIGHT="24" CONTENT="ro" SUBS_TYPE="HypPart1" SUBS_CONTENT="robots." WC="0.99" CC="00"/>
						<HYP HPOS="1203" VPOS="2989" WIDTH="17" CONTENT="-"/>
					</TextLine>
					<TextLine ID="P22_TL00018" HPOS="291" VPOS="3041" WIDTH="87" HEIGHT="35">
						<String ID="P22_ST00125" HPOS="291" VPOS="3041" WIDTH="87" HEIGHT="35" CONTENT="bots." SUBS_TYPE="HypPart2" SUBS_CONTENT="robots." WC="0.99" CC="05102"/>
					</TextLine>
				</TextBlock>
				<TextBlock ID="P22_TB00005" HPOS="296" VPOS="3090" WIDTH="934" HEIGHT="671" language="en" STYLEREFS="TXT_3 PAR_BLOCK">
					<TextLine ID="P22_TL00019" HPOS="353" VPOS="3090" WIDTH="869" HEIGHT="57">
						<String ID="P22_ST00126" HPOS="353" VPOS="3094" WIDTH="239" HEIGHT="52" CONTENT="Successfully" WC="1.00" CC="400000013030"/>
						<SP ID="P22_SP00108" HPOS="592" VPOS="3146" WIDTH="13"/>
						<String ID="P22_ST00127" HPOS="605" VPOS="3093" WIDTH="165" HEIGHT="50" CONTENT="teaching" WC="0.99" CC="10900080"/>
						<SP ID="P22_SP00109" HPOS="770" VPOS="3146" WIDTH="13"/>
						<String ID="P22_ST00128" HPOS="783" VPOS="3094" WIDTH="38" HEIGHT="35" CONTENT="in" WC="1.00" CC="00"/>
						<SP ID="P22_SP00110" HPOS="820" VPOS="3146" WIDTH="13"/>
						<String ID="P22_ST00129" HPOS="833" VPOS="3093" WIDTH="90" HEIGHT="36" CONTENT="such" WC="1.00" CC="0000"/>
						<SP ID="P22_SP00111" HPOS="923" VPOS="3146" WIDTH="11"/>
						<String ID="P22_ST00130" HPOS="934" VPOS="3102" WIDTH="20" HEIGHT="27" CONTENT="a" WC="1.00" CC="0"/>
						<SP ID="P22_SP00112" HPOS="954" VPOS="3146" WIDTH="14"/>
						<String ID="P22_ST00131" HPOS="969" VPOS="3102" WIDTH="80" HEIGHT="27" CONTENT="new" WC="1.00" CC="000"/>
						<SP ID="P22_SP00113" HPOS="1049" VPOS="3146" WIDTH="9"/>
						<String ID="P22_ST00132" HPOS="1058" VPOS="3090" WIDTH="72" HEIGHT="38" CONTENT="and" WC="1.00" CC="000"/>
						<SP ID="P22_SP00114" HPOS="1131" VPOS="3146" WIDTH="14"/>
						<String ID="P22_ST00133" HPOS="1145" VPOS="3102" WIDTH="58" HEIGHT="36" CONTENT="rap" SUBS_TYPE="HypPart1" SUBS_CONTENT="rapidly" WC="1.00" CC="000"/>
						<HYP HPOS="1203" VPOS="3102" WIDTH="19" CONTENT="-"/>
					</TextLine>
					<TextLine ID="P22_TL00020" HPOS="296" VPOS="3148" WIDTH="928" HEIGHT="55">
						<String ID="P22_ST00134" HPOS="296" VPOS="3153" WIDTH="71" HEIGHT="50" CONTENT="idly" SUBS_TYPE="HypPart2" SUBS_CONTENT="rapidly" WC="1.00" CC="0000"/>
						<SP ID="P22_SP00115" HPOS="367" VPOS="3203" WIDTH="14"/>
						<String ID="P22_ST00135" HPOS="381" VPOS="3153" WIDTH="167" HEIGHT="49" CONTENT="evolving" WC="1.00" CC="00207000"/>
						<SP ID="P22_SP00116" HPOS="548" VPOS="3203" WIDTH="5"/>
						<String ID="P22_ST00136" HPOS="553" VPOS="3151" WIDTH="93" HEIGHT="50" CONTENT="field" WC="1.00" CC="00000"/>
						<SP ID="P22_SP00117" HPOS="646" VPOS="3203" WIDTH="14"/>
						<String ID="P22_ST00137" HPOS="660" VPOS="3151" WIDTH="31" HEIGHT="38" CONTENT="is" WC="1.00" CC="00"/>
						<SP ID="P22_SP00118" HPOS="691" VPOS="3203" WIDTH="16"/>
						<String ID="P22_ST00138" HPOS="707" VPOS="3154" WIDTH="63" HEIGHT="33" CONTENT="not" WC="1.00" CC="000"/>
						<SP ID="P22_SP00119" HPOS="770" VPOS="3203" WIDTH="14"/>
						<String ID="P22_ST00139" HPOS="784" VPOS="3162" WIDTH="90" HEIGHT="36" CONTENT="easy." WC="0.99" CC="09000"/>
						<SP ID="P22_SP00120" HPOS="874" VPOS="3203" WIDTH="19"/>
						<String ID="P22_ST00140" HPOS="893" VPOS="3148" WIDTH="187" HEIGHT="50" CONTENT="Kaelbling" WC="0.88" CC="000030060"/>
						<SP ID="P22_SP00121" HPOS="1080" VPOS="3203" WIDTH="30"/>
						<String ID="P22_ST00141" HPOS="1110" VPOS="3159" WIDTH="94" HEIGHT="38" CONTENT="recog" SUBS_TYPE="HypPart1" SUBS_CONTENT="recognizes" WC="1.00" CC="00000"/>
						<HYP HPOS="1205" VPOS="3159" WIDTH="19" CONTENT="-"/>
					</TextLine>
					<TextLine ID="P22_TL00021" HPOS="296" VPOS="3202" WIDTH="934" HEIGHT="50">
						<String ID="P22_ST00142" HPOS="296" VPOS="3211" WIDTH="94" HEIGHT="36" CONTENT="nizes" SUBS_TYPE="HypPart2" SUBS_CONTENT="recognizes" WC="1.00" CC="00000"/>
						<SP ID="P22_SP00122" HPOS="391" VPOS="3247" WIDTH="19"/>
						<String ID="P22_ST00143" HPOS="409" VPOS="3208" WIDTH="57" HEIGHT="38" CONTENT="the" WC="0.99" CC="020"/>
						<SP ID="P22_SP00123" HPOS="466" VPOS="3247" WIDTH="13"/>
						<String ID="P22_ST00144" HPOS="479" VPOS="3208" WIDTH="120" HEIGHT="38" CONTENT="varied" WC="0.99" CC="600000"/>
						<SP ID="P22_SP00124" HPOS="598" VPOS="3247" WIDTH="14"/>
						<String ID="P22_ST00145" HPOS="613" VPOS="3208" WIDTH="98" HEIGHT="36" CONTENT="skills" WC="1.00" CC="000000"/>
						<SP ID="P22_SP00125" HPOS="710" VPOS="3247" WIDTH="17"/>
						<String ID="P22_ST00146" HPOS="728" VPOS="3206" WIDTH="129" HEIGHT="36" CONTENT="needed" WC="1.00" CC="000000"/>
						<SP ID="P22_SP00126" HPOS="857" VPOS="3247" WIDTH="17"/>
						<String ID="P22_ST00147" HPOS="874" VPOS="3209" WIDTH="36" HEIGHT="33" CONTENT="to" WC="0.81" CC="30"/>
						<SP ID="P22_SP00127" HPOS="910" VPOS="3247" WIDTH="13"/>
						<String ID="P22_ST00148" HPOS="923" VPOS="3205" WIDTH="159" HEIGHT="38" CONTENT="dedicate" WC="1.00" CC="00003000"/>
						<SP ID="P22_SP00128" HPOS="1082" VPOS="3247" WIDTH="11"/>
						<String ID="P22_ST00149" HPOS="1093" VPOS="3202" WIDTH="137" HEIGHT="50" CONTENT="oneself" WC="1.00" CC="3000000"/>
					</TextLine>
					<TextLine ID="P22_TL00022" HPOS="298" VPOS="3260" WIDTH="932" HEIGHT="55">
						<String ID="P22_ST00150" HPOS="298" VPOS="3271" WIDTH="36" HEIGHT="31" CONTENT="to" WC="0.80" CC="30"/>
						<SP ID="P22_SP00129" HPOS="334" VPOS="3302" WIDTH="19"/>
						<String ID="P22_ST00151" HPOS="353" VPOS="3269" WIDTH="191" HEIGHT="46" CONTENT="computer" WC="0.99" CC="15008000"/>
						<SP ID="P22_SP00130" HPOS="543" VPOS="3315" WIDTH="19"/>
						<String ID="P22_ST00152" HPOS="562" VPOS="3265" WIDTH="154" HEIGHT="43" CONTENT="science," WC="1.00" CC="00009000"/>
						<SP ID="P22_SP00131" HPOS="717" VPOS="3315" WIDTH="22"/>
						<String ID="P22_ST00153" HPOS="739" VPOS="3276" WIDTH="20" HEIGHT="25" CONTENT="a" WC="1.00" CC="0"/>
						<SP ID="P22_SP00132" HPOS="759" VPOS="3315" WIDTH="20"/>
						<String ID="P22_ST00154" HPOS="780" VPOS="3261" WIDTH="238" HEIGHT="50" CONTENT="postmodern" WC="1.00" CC="0301010000"/>
						<SP ID="P22_SP00133" HPOS="1017" VPOS="3315" WIDTH="22"/>
						<String ID="P22_ST00155" HPOS="1039" VPOS="3260" WIDTH="131" HEIGHT="50" CONTENT="hybrid" WC="1.00" CC="000000"/>
						<SP ID="P22_SP00134" HPOS="1170" VPOS="3315" WIDTH="22"/>
						<String ID="P22_ST00156" HPOS="1192" VPOS="3260" WIDTH="38" HEIGHT="49" CONTENT="of" WC="0.82" CC="30"/>
					</TextLine>
					<TextLine ID="P22_TL00023" HPOS="298" VPOS="3315" WIDTH="931" HEIGHT="57">
						<String ID="P22_ST00157" HPOS="298" VPOS="3321" WIDTH="107" HEIGHT="43" CONTENT="math," WC="0.98" CC="90500"/>
						<SP ID="P22_SP00135" HPOS="405" VPOS="3364" WIDTH="13"/>
						<String ID="P22_ST00158" HPOS="417" VPOS="3321" WIDTH="203" HEIGHT="50" CONTENT="linguistics" WC="1.00" CC="00005003020"/>
						<SP ID="P22_SP00136" HPOS="620" VPOS="3372" WIDTH="11"/>
						<String ID="P22_ST00159" HPOS="631" VPOS="3320" WIDTH="71" HEIGHT="36" CONTENT="and" WC="1.00" CC="000"/>
						<SP ID="P22_SP00137" HPOS="702" VPOS="3372" WIDTH="11"/>
						<String ID="P22_ST00160" HPOS="713" VPOS="3320" WIDTH="244" HEIGHT="50" CONTENT="engineering," WC="1.00" CC="000000000000"/>
						<SP ID="P22_SP00138" HPOS="957" VPOS="3372" WIDTH="13"/>
						<String ID="P22_ST00161" HPOS="970" VPOS="3321" WIDTH="36" HEIGHT="33" CONTENT="to" WC="0.79" CC="40"/>
						<SP ID="P22_SP00139" HPOS="1006" VPOS="3372" WIDTH="11"/>
						<String ID="P22_ST00162" HPOS="1017" VPOS="3329" WIDTH="104" HEIGHT="25" CONTENT="name" WC="0.99" CC="5000"/>
						<SP ID="P22_SP00140" HPOS="1121" VPOS="3372" WIDTH="8"/>
						<String ID="P22_ST00163" HPOS="1129" VPOS="3328" WIDTH="20" HEIGHT="25" CONTENT="a" WC="1.00" CC="0"/>
						<SP ID="P22_SP00141" HPOS="1150" VPOS="3372" WIDTH="3"/>
						<String ID="P22_ST00164" HPOS="1153" VPOS="3315" WIDTH="76" HEIGHT="50" CONTENT="few" WC="0.99" CC="030"/>
					</TextLine>
					<TextLine ID="P22_TL00024" HPOS="298" VPOS="3373" WIDTH="932" HEIGHT="55">
						<String ID="P22_ST00165" HPOS="298" VPOS="3378" WIDTH="41" HEIGHT="50" CONTENT="of" WC="0.73" CC="50"/>
						<SP ID="P22_SP00142" HPOS="339" VPOS="3428" WIDTH="14"/>
						<String ID="P22_ST00166" HPOS="353" VPOS="3378" WIDTH="58" HEIGHT="38" CONTENT="the" WC="0.98" CC="500"/>
						<SP ID="P22_SP00143" HPOS="411" VPOS="3428" WIDTH="20"/>
						<String ID="P22_ST00167" HPOS="431" VPOS="3376" WIDTH="225" HEIGHT="50" CONTENT="influencing" WC="1.00" CC="00000000000"/>
						<SP ID="P22_SP00144" HPOS="657" VPOS="3428" WIDTH="17"/>
						<String ID="P22_ST00168" HPOS="674" VPOS="3375" WIDTH="220" HEIGHT="50" CONTENT="disciplines." WC="1.00" CC="000000000000"/>
						<SP ID="P22_SP00145" HPOS="894" VPOS="3428" WIDTH="41"/>
						<String ID="P22_ST00169" HPOS="935" VPOS="3373" WIDTH="87" HEIGHT="38" CONTENT="And" WC="0.97" CC="800"/>
						<SP ID="P22_SP00146" HPOS="1022" VPOS="3428" WIDTH="20"/>
						<String ID="P22_ST00170" HPOS="1043" VPOS="3376" WIDTH="187" HEIGHT="46" CONTENT="computer" WC="1.00" CC="00400400"/>
					</TextLine>
					<TextLine ID="P22_TL00025" HPOS="298" VPOS="3430" WIDTH="865" HEIGHT="54">
						<String ID="P22_ST00171" HPOS="298" VPOS="3435" WIDTH="135" HEIGHT="38" CONTENT="science" WC="1.00" CC="0000000"/>
						<SP ID="P22_SP00147" HPOS="433" VPOS="3472" WIDTH="17"/>
						<String ID="P22_ST00172" HPOS="450" VPOS="3433" WIDTH="101" HEIGHT="50" CONTENT="itself" WC="1.00" CC="030000"/>
						<SP ID="P22_SP00148" HPOS="551" VPOS="3483" WIDTH="11"/>
						<String ID="P22_ST00173" HPOS="562" VPOS="3433" WIDTH="61" HEIGHT="36" CONTENT="has" WC="1.00" CC="000"/>
						<SP ID="P22_SP00149" HPOS="624" VPOS="3483" WIDTH="20"/>
						<String ID="P22_ST00174" HPOS="644" VPOS="3436" WIDTH="63" HEIGHT="33" CONTENT="not" WC="1.00" CC="000"/>
						<SP ID="P22_SP00150" HPOS="707" VPOS="3483" WIDTH="19"/>
						<String ID="P22_ST00175" HPOS="726" VPOS="3431" WIDTH="83" HEIGHT="38" CONTENT="been" WC="1.00" CC="0000"/>
						<SP ID="P22_SP00151" HPOS="809" VPOS="3483" WIDTH="20"/>
						<String ID="P22_ST00176" HPOS="830" VPOS="3431" WIDTH="61" HEIGHT="36" CONTENT="her" WC="1.00" CC="000"/>
						<SP ID="P22_SP00152" HPOS="891" VPOS="3483" WIDTH="17"/>
						<String ID="P22_ST00177" HPOS="909" VPOS="3430" WIDTH="87" HEIGHT="50" CONTENT="only" WC="1.00" CC="0000"/>
						<SP ID="P22_SP00153" HPOS="995" VPOS="3483" WIDTH="19"/>
						<String ID="P22_ST00178" HPOS="1014" VPOS="3441" WIDTH="148" HEIGHT="27" CONTENT="concern" WC="0.99" CC="0004065"/>
						<SP ID="P22_SP00154" HPOS="1162" VPOS="3483" WIDTH="0"/>
					</TextLine>
					<TextLine ID="P22_TL00026" HPOS="299" VPOS="3485" WIDTH="929" HEIGHT="55">
						<String ID="P22_ST00179" HPOS="299" VPOS="3491" WIDTH="63" HEIGHT="38" CONTENT="her" WC="0.99" CC="010"/>
						<SP ID="P22_SP00155" HPOS="362" VPOS="3529" WIDTH="17"/>
						<String ID="P22_ST00180" HPOS="380" VPOS="3490" WIDTH="287" HEIGHT="50" CONTENT="undergraduate" WC="1.00" CC="6700000000900"/>
						<SP ID="P22_SP00156" HPOS="666" VPOS="3540" WIDTH="17"/>
						<String ID="P22_ST00181" HPOS="683" VPOS="3490" WIDTH="124" HEIGHT="49" CONTENT="degree" WC="1.00" CC="000000"/>
						<SP ID="P22_SP00157" HPOS="808" VPOS="3540" WIDTH="28"/>
						<String ID="P22_ST00182" HPOS="836" VPOS="3488" WIDTH="98" HEIGHT="49" CONTENT="from" WC="1.00" CC="0000"/>
						<SP ID="P22_SP00158" HPOS="934" VPOS="3540" WIDTH="20"/>
						<String ID="P22_ST00183" HPOS="954" VPOS="3485" WIDTH="167" HEIGHT="52" CONTENT="Stanford" WC="0.99" CC="04890000"/>
						<SP ID="P22_SP00159" HPOS="1121" VPOS="3540" WIDTH="20"/>
						<String ID="P22_ST00184" HPOS="1142" VPOS="3487" WIDTH="28" HEIGHT="36" CONTENT="is" WC="1.00" CC="00"/>
						<SP ID="P22_SP00160" HPOS="1170" VPOS="3540" WIDTH="22"/>
						<String ID="P22_ST00185" HPOS="1192" VPOS="3487" WIDTH="36" HEIGHT="35" CONTENT="in" WC="0.62" CC="07"/>
					</TextLine>
					<TextLine ID="P22_TL00027" HPOS="299" VPOS="3542" WIDTH="931" HEIGHT="55">
						<String ID="P22_ST00186" HPOS="299" VPOS="3546" WIDTH="211" HEIGHT="50" CONTENT="philosophy." WC="1.00" CC="02000050000"/>
						<SP ID="P22_SP00161" HPOS="510" VPOS="3597" WIDTH="17"/>
						<String ID="P22_ST00187" HPOS="528" VPOS="3546" WIDTH="74" HEIGHT="35" CONTENT="Her" WC="1.00" CC="000"/>
						<SP ID="P22_SP00162" HPOS="602" VPOS="3597" WIDTH="13"/>
						<String ID="P22_ST00188" HPOS="614" VPOS="3545" WIDTH="277" HEIGHT="49" CONTENT="comprehensive" WC="1.00" CC="4210203000030"/>
						<SP ID="P22_SP00163" HPOS="891" VPOS="3597" WIDTH="13"/>
						<String ID="P22_ST00189" HPOS="904" VPOS="3542" WIDTH="172" HEIGHT="50" CONTENT="approach" WC="0.99" CC="45000710"/>
						<SP ID="P22_SP00164" HPOS="1076" VPOS="3597" WIDTH="16"/>
						<String ID="P22_ST00190" HPOS="1091" VPOS="3546" WIDTH="35" HEIGHT="33" CONTENT="to" WC="0.81" CC="21"/>
						<SP ID="P22_SP00165" HPOS="1126" VPOS="3597" WIDTH="13"/>
						<String ID="P22_ST00191" HPOS="1139" VPOS="3554" WIDTH="69" HEIGHT="25" CONTENT="com" SUBS_TYPE="HypPart1" SUBS_CONTENT="computers" WC="1.00" CC="000"/>
						<HYP HPOS="1208" VPOS="3554" WIDTH="22" CONTENT="-"/>
					</TextLine>
					<TextLine ID="P22_TL00028" HPOS="301" VPOS="3598" WIDTH="929" HEIGHT="54">
						<String ID="P22_ST00192" HPOS="301" VPOS="3608" WIDTH="120" HEIGHT="44" CONTENT="puters" SUBS_TYPE="HypPart2" SUBS_CONTENT="computers" WC="1.00" CC="003000"/>
						<SP ID="P22_SP00166" HPOS="420" VPOS="3652" WIDTH="9"/>
						<String ID="P22_ST00193" HPOS="430" VPOS="3603" WIDTH="28" HEIGHT="36" CONTENT="is" WC="1.00" CC="00"/>
						<SP ID="P22_SP00167" HPOS="458" VPOS="3652" WIDTH="11"/>
						<String ID="P22_ST00194" HPOS="469" VPOS="3602" WIDTH="139" HEIGHT="38" CONTENT="evident" WC="1.00" CC="0200001"/>
						<SP ID="P22_SP00168" HPOS="608" VPOS="3652" WIDTH="13"/>
						<String ID="P22_ST00195" HPOS="620" VPOS="3603" WIDTH="36" HEIGHT="35" CONTENT="in" WC="1.00" CC="00"/>
						<SP ID="P22_SP00169" HPOS="657" VPOS="3652" WIDTH="13"/>
						<String ID="P22_ST00196" HPOS="669" VPOS="3600" WIDTH="57" HEIGHT="38" CONTENT="the" WC="0.98" CC="500"/>
						<SP ID="P22_SP00170" HPOS="726" VPOS="3652" WIDTH="9"/>
						<String ID="P22_ST00197" HPOS="735" VPOS="3600" WIDTH="83" HEIGHT="50" CONTENT="high" WC="1.00" CC="0000"/>
						<SP ID="P22_SP00171" HPOS="819" VPOS="3652" WIDTH="11"/>
						<String ID="P22_ST00198" HPOS="830" VPOS="3600" WIDTH="146" HEIGHT="49" CONTENT="velocity" WC="0.99" CC="00064040"/>
						<SP ID="P22_SP00172" HPOS="976" VPOS="3652" WIDTH="11"/>
						<String ID="P22_ST00199" HPOS="987" VPOS="3598" WIDTH="41" HEIGHT="50" CONTENT="of" WC="1.00" CC="00"/>
						<SP ID="P22_SP00173" HPOS="1028" VPOS="3652" WIDTH="3"/>
						<String ID="P22_ST00200" HPOS="1031" VPOS="3598" WIDTH="101" HEIGHT="36" CONTENT="email" WC="1.00" CC="00000"/>
						<SP ID="P22_SP00174" HPOS="1132" VPOS="3652" WIDTH="13"/>
						<String ID="P22_ST00201" HPOS="1145" VPOS="3609" WIDTH="65" HEIGHT="25" CONTENT="mes" SUBS_TYPE="HypPart1" SUBS_CONTENT="messages" WC="0.99" CC="230"/>
						<HYP HPOS="1209" VPOS="3609" WIDTH="20" CONTENT="-"/>
					</TextLine>
					<TextLine ID="P22_TL00029" HPOS="301" VPOS="3654" WIDTH="929" HEIGHT="55">
						<String ID="P22_ST00202" HPOS="301" VPOS="3669" WIDTH="96" HEIGHT="39" CONTENT="sages" SUBS_TYPE="HypPart2" SUBS_CONTENT="messages" WC="1.00" CC="20000"/>
						<SP ID="P22_SP00175" HPOS="397" VPOS="3709" WIDTH="16"/>
						<String ID="P22_ST00203" HPOS="413" VPOS="3658" WIDTH="60" HEIGHT="36" CONTENT="she" WC="0.99" CC="030"/>
						<SP ID="P22_SP00176" HPOS="472" VPOS="3709" WIDTH="13"/>
						<String ID="P22_ST00204" HPOS="485" VPOS="3658" WIDTH="104" HEIGHT="36" CONTENT="sends" WC="1.00" CC="02000"/>
						<SP ID="P22_SP00177" HPOS="589" VPOS="3709" WIDTH="16"/>
						<String ID="P22_ST00205" HPOS="605" VPOS="3661" WIDTH="61" HEIGHT="33" CONTENT="out" WC="0.99" CC="003"/>
						<SP ID="P22_SP00178" HPOS="666" VPOS="3709" WIDTH="13"/>
						<String ID="P22_ST00206" HPOS="679" VPOS="3657" WIDTH="72" HEIGHT="38" CONTENT="and" WC="0.96" CC="090"/>
						<SP ID="P22_SP00179" HPOS="751" VPOS="3709" WIDTH="14"/>
						<String ID="P22_ST00207" HPOS="765" VPOS="3657" WIDTH="61" HEIGHT="36" CONTENT="her" WC="1.00" CC="000"/>
						<SP ID="P22_SP00180" HPOS="827" VPOS="3709" WIDTH="14"/>
						<String ID="P22_ST00208" HPOS="841" VPOS="3654" WIDTH="184" HEIGHT="50" CONTENT="insightful" WC="1.00" CC="0000000000"/>
						<SP ID="P22_SP00181" HPOS="1025" VPOS="3709" WIDTH="14"/>
						<String ID="P22_ST00209" HPOS="1039" VPOS="3654" WIDTH="191" HEIGHT="49" CONTENT="reflections" WC="1.00" CC="00200530300"/>
					</TextLine>
					<TextLine ID="P22_TL00030" HPOS="301" VPOS="3712" WIDTH="817" HEIGHT="49">
						<String ID="P22_ST00210" HPOS="301" VPOS="3726" WIDTH="46" HEIGHT="27" CONTENT="on" WC="0.29" CC="49"/>
						<SP ID="P22_SP00182" HPOS="346" VPOS="3753" WIDTH="27"/>
						<String ID="P22_ST00211" HPOS="373" VPOS="3713" WIDTH="246" HEIGHT="47" CONTENT="technological" WC="1.00" CC="4000040500001"/>
						<SP ID="P22_SP00183" HPOS="619" VPOS="3761" WIDTH="13"/>
						<String ID="P22_ST00212" HPOS="631" VPOS="3712" WIDTH="118" HEIGHT="38" CONTENT="trends" WC="0.99" CC="000900"/>
						<SP ID="P22_SP00184" HPOS="750" VPOS="3761" WIDTH="14"/>
						<String ID="P22_ST00213" HPOS="764" VPOS="3713" WIDTH="36" HEIGHT="36" CONTENT="in" WC="1.00" CC="00"/>
						<SP ID="P22_SP00185" HPOS="800" VPOS="3761" WIDTH="17"/>
						<String ID="P22_ST00214" HPOS="817" VPOS="3712" WIDTH="55" HEIGHT="36" CONTENT="the" WC="1.00" CC="000"/>
						<SP ID="P22_SP00186" HPOS="872" VPOS="3761" WIDTH="13"/>
						<String ID="P22_ST00215" HPOS="885" VPOS="3713" WIDTH="153" HEIGHT="35" CONTENT="Internet" WC="1.00" CC="00200000"/>
						<SP ID="P22_SP00187" HPOS="1038" VPOS="3761" WIDTH="13"/>
						<String ID="P22_ST00216" HPOS="1050" VPOS="3721" WIDTH="68" HEIGHT="25" CONTENT="era." WC="1.00" CC="0000"/>
					</TextLine>
				</TextBlock>
				<TextBlock ID="P22_TB00006" HPOS="304" VPOS="3822" WIDTH="930" HEIGHT="164" language="en" STYLEREFS="TXT_4 PAR_LEFT">
					<TextLine ID="P22_TL00031" HPOS="304" VPOS="3822" WIDTH="929" HEIGHT="52">
						<String ID="P22_ST00217" HPOS="304" VPOS="3827" WIDTH="49" HEIGHT="46" CONTENT="Q." WC="1.00" CC="00"/>
						<SP ID="P22_SP00188" HPOS="353" VPOS="3872" WIDTH="16"/>
						<String ID="P22_ST00218" HPOS="369" VPOS="3825" WIDTH="76" HEIGHT="38" CONTENT="The" WC="0.97" CC="060"/>
						<SP ID="P22_SP00189" HPOS="444" VPOS="3872" WIDTH="14"/>
						<String ID="P22_ST00219" HPOS="458" VPOS="3825" WIDTH="211" HEIGHT="49" CONTENT="Chemistry" WC="0.99" CC="060502005"/>
						<SP ID="P22_SP00190" HPOS="669" VPOS="3874" WIDTH="16"/>
						<String ID="P22_ST00220" HPOS="685" VPOS="3827" WIDTH="250" HEIGHT="46" CONTENT="Department" WC="0.99" CC="4630056115"/>
						<SP ID="P22_SP00191" HPOS="935" VPOS="3874" WIDTH="16"/>
						<String ID="P22_ST00221" HPOS="951" VPOS="3824" WIDTH="28" HEIGHT="36" CONTENT="is" WC="0.96" CC="00"/>
						<SP ID="P22_SP00192" HPOS="980" VPOS="3874" WIDTH="17"/>
						<String ID="P22_ST00222" HPOS="997" VPOS="3833" WIDTH="87" HEIGHT="27" CONTENT="now" WC="0.98" CC="040"/>
						<SP ID="P22_SP00193" HPOS="1083" VPOS="3874" WIDTH="16"/>
						<String ID="P22_ST00223" HPOS="1099" VPOS="3822" WIDTH="134" HEIGHT="47" CONTENT="having" WC="1.00" CC="000050"/>
					</TextLine>
					<TextLine ID="P22_TL00032" HPOS="304" VPOS="3877" WIDTH="929" HEIGHT="43">
						<String ID="P22_ST00224" HPOS="304" VPOS="3893" WIDTH="24" HEIGHT="27" CONTENT="a" WC="0.85" CC="1"/>
						<SP ID="P22_SP00194" HPOS="328" VPOS="3920" WIDTH="16"/>
						<String ID="P22_ST00225" HPOS="343" VPOS="3880" WIDTH="151" HEIGHT="39" CONTENT="handful" WC="0.99" CC="0050300"/>
						<SP ID="P22_SP00195" HPOS="494" VPOS="3920" WIDTH="19"/>
						<String ID="P22_ST00226" HPOS="513" VPOS="3879" WIDTH="41" HEIGHT="39" CONTENT="of" WC="0.72" CC="05"/>
						<SP ID="P22_SP00196" HPOS="554" VPOS="3920" WIDTH="16"/>
						<String ID="P22_ST00227" HPOS="570" VPOS="3880" WIDTH="44" HEIGHT="38" CONTENT="its" WC="0.99" CC="020"/>
						<SP ID="P22_SP00197" HPOS="614" VPOS="3920" WIDTH="17"/>
						<String ID="P22_ST00228" HPOS="631" VPOS="3879" WIDTH="172" HEIGHT="39" CONTENT="students" WC="0.99" CC="40200022"/>
						<SP ID="P22_SP00198" HPOS="803" VPOS="3920" WIDTH="14"/>
						<String ID="P22_ST00229" HPOS="817" VPOS="3879" WIDTH="87" HEIGHT="38" CONTENT="take" WC="0.99" CC="0040"/>
						<SP ID="P22_SP00199" HPOS="904" VPOS="3920" WIDTH="16"/>
						<String ID="P22_ST00230" HPOS="920" VPOS="3890" WIDTH="24" HEIGHT="25" CONTENT="a" WC="0.91" CC="0"/>
						<SP ID="P22_SP00200" HPOS="943" VPOS="3920" WIDTH="16"/>
						<String ID="P22_ST00231" HPOS="959" VPOS="3890" WIDTH="134" HEIGHT="25" CONTENT="course" WC="0.99" CC="232000"/>
						<SP ID="P22_SP00201" HPOS="1093" VPOS="3920" WIDTH="17"/>
						<String ID="P22_ST00232" HPOS="1110" VPOS="3877" WIDTH="102" HEIGHT="38" CONTENT="exclu" SUBS_TYPE="HypPart1" SUBS_CONTENT="exclusively" WC="0.99" CC="41200"/>
						<HYP HPOS="1213" VPOS="3877" WIDTH="20" CONTENT="-"/>
					</TextLine>
					<TextLine ID="P22_TL00033" HPOS="306" VPOS="3934" WIDTH="928" HEIGHT="52">
						<String ID="P22_ST00233" HPOS="306" VPOS="3937" WIDTH="113" HEIGHT="49" CONTENT="sively" SUBS_TYPE="HypPart2" SUBS_CONTENT="exclusively" WC="0.99" CC="220005"/>
						<SP ID="P22_SP00202" HPOS="419" VPOS="3986" WIDTH="19"/>
						<String ID="P22_ST00234" HPOS="438" VPOS="3937" WIDTH="154" HEIGHT="38" CONTENT="on-line." WC="0.99" CC="66002200"/>
						<SP ID="P22_SP00203" HPOS="592" VPOS="3986" WIDTH="22"/>
						<String ID="P22_ST00235" HPOS="614" VPOS="3935" WIDTH="113" HEIGHT="38" CONTENT="What" WC="0.99" CC="2003"/>
						<SP ID="P22_SP00204" HPOS="728" VPOS="3986" WIDTH="19"/>
						<String ID="P22_ST00236" HPOS="746" VPOS="3946" WIDTH="68" HEIGHT="27" CONTENT="are" WC="0.98" CC="040"/>
						<SP ID="P22_SP00205" HPOS="814" VPOS="3986" WIDTH="19"/>
						<String ID="P22_ST00237" HPOS="833" VPOS="3946" WIDTH="94" HEIGHT="38" CONTENT="your" WC="0.99" CC="0003"/>
						<SP ID="P22_SP00206" HPOS="928" VPOS="3986" WIDTH="22"/>
						<String ID="P22_ST00238" HPOS="950" VPOS="3934" WIDTH="214" HEIGHT="38" CONTENT="reflections" WC="1.00" CC="60000003023"/>
						<SP ID="P22_SP00207" HPOS="1164" VPOS="3986" WIDTH="22"/>
						<String ID="P22_ST00239" HPOS="1186" VPOS="3945" WIDTH="47" HEIGHT="27" CONTENT="on" WC="0.57" CC="61"/>
					</TextLine>
				</TextBlock>
				<TextBlock ID="P22_TB00007" HPOS="1272" VPOS="2285" WIDTH="931" HEIGHT="682" language="en" STYLEREFS="TXT_5 PAR_LEFT">
					<TextLine ID="P22_TL00034" HPOS="1274" VPOS="2287" WIDTH="852" HEIGHT="58">
						<String ID="P22_ST00240" HPOS="1274" VPOS="2293" WIDTH="334" HEIGHT="52" CONTENT="experimentation" WC="1.00" CC="122001006506160" STYLEREFS="TXT_4"/>
						<SP ID="P22_SP00208" HPOS="1608" VPOS="2345" WIDTH="16"/>
						<String ID="P22_ST00241" HPOS="1624" VPOS="2290" WIDTH="88" HEIGHT="39" CONTENT="with" WC="0.99" CC="0121" STYLEREFS="TXT_4"/>
						<SP ID="P22_SP00209" HPOS="1712" VPOS="2345" WIDTH="16"/>
						<String ID="P22_ST00242" HPOS="1728" VPOS="2290" WIDTH="72" HEIGHT="39" CONTENT="this" WC="1.00" CC="0100" STYLEREFS="TXT_4"/>
						<SP ID="P22_SP00210" HPOS="1800" VPOS="2345" WIDTH="14"/>
						<String ID="P22_ST00243" HPOS="1814" VPOS="2302" WIDTH="85" HEIGHT="25" CONTENT="new" WC="0.97" CC="710" STYLEREFS="TXT_4"/>
						<SP ID="P22_SP00211" HPOS="1899" VPOS="2345" WIDTH="16"/>
						<String ID="P22_ST00244" HPOS="1915" VPOS="2287" WIDTH="211" HEIGHT="50" CONTENT="paradigm?" WC="1.00" CC="000000215" STYLEREFS="TXT_4"/>
					</TextLine>
					<TextLine ID="P22_TL00035" HPOS="1274" VPOS="2345" WIDTH="923" HEIGHT="50">
						<String ID="P22_ST00245" HPOS="1274" VPOS="2354" WIDTH="44" HEIGHT="36" CONTENT="A." WC="1.00" CC="00"/>
						<SP ID="P22_SP00212" HPOS="1318" VPOS="2391" WIDTH="17"/>
						<String ID="P22_ST00246" HPOS="1335" VPOS="2354" WIDTH="14" HEIGHT="35" CONTENT="I" WC="1.00" CC="0"/>
						<SP ID="P22_SP00213" HPOS="1350" VPOS="2391" WIDTH="14"/>
						<String ID="P22_ST00247" HPOS="1364" VPOS="2351" WIDTH="112" HEIGHT="38" CONTENT="think" WC="0.98" CC="02260"/>
						<SP ID="P22_SP00214" HPOS="1476" VPOS="2391" WIDTH="16"/>
						<String ID="P22_ST00248" HPOS="1491" VPOS="2353" WIDTH="27" HEIGHT="35" CONTENT="it" WC="1.00" CC="00"/>
						<SP ID="P22_SP00215" HPOS="1518" VPOS="2391" WIDTH="13"/>
						<String ID="P22_ST00249" HPOS="1531" VPOS="2350" WIDTH="118" HEIGHT="38" CONTENT="could" WC="0.99" CC="04000"/>
						<SP ID="P22_SP00216" HPOS="1649" VPOS="2391" WIDTH="13"/>
						<String ID="P22_ST00250" HPOS="1661" VPOS="2350" WIDTH="49" HEIGHT="36" CONTENT="be" WC="1.00" CC="00"/>
						<SP ID="P22_SP00217" HPOS="1710" VPOS="2391" WIDTH="16"/>
						<String ID="P22_ST00251" HPOS="1726" VPOS="2348" WIDTH="129" HEIGHT="38" CONTENT="useful" WC="0.99" CC="000256"/>
						<SP ID="P22_SP00218" HPOS="1855" VPOS="2391" WIDTH="74"/>
						<String ID="P22_ST00252" HPOS="1929" VPOS="2357" WIDTH="41" HEIGHT="25" CONTENT="as" WC="0.98" CC="00"/>
						<SP ID="P22_SP00219" HPOS="1970" VPOS="2391" WIDTH="17"/>
						<String ID="P22_ST00253" HPOS="1987" VPOS="2357" WIDTH="49" HEIGHT="25" CONTENT="an" WC="0.66" CC="06"/>
						<SP ID="P22_SP00220" HPOS="2036" VPOS="2391" WIDTH="13"/>
						<String ID="P22_ST00254" HPOS="2049" VPOS="2345" WIDTH="148" HEIGHT="50" CONTENT="adjunct" WC="1.00" CC="0000000" STYLEREFS="TXT_3"/>
					</TextLine>
					<TextLine ID="P22_TL00036" HPOS="1274" VPOS="2406" WIDTH="602" HEIGHT="52">
						<String ID="P22_ST00255" HPOS="1274" VPOS="2414" WIDTH="41" HEIGHT="31" CONTENT="to" WC="0.76" CC="04"/>
						<SP ID="P22_SP00221" HPOS="1315" VPOS="2446" WIDTH="13"/>
						<String ID="P22_ST00256" HPOS="1328" VPOS="2408" WIDTH="120" HEIGHT="50" CONTENT="being" WC="1.00" CC="00000"/>
						<SP ID="P22_SP00222" HPOS="1447" VPOS="2458" WIDTH="14"/>
						<String ID="P22_ST00257" HPOS="1461" VPOS="2408" WIDTH="137" HEIGHT="49" CONTENT="taught" WC="1.00" CC="000000"/>
						<SP ID="P22_SP00223" HPOS="1598" VPOS="2458" WIDTH="13"/>
						<String ID="P22_ST00258" HPOS="1611" VPOS="2406" WIDTH="55" HEIGHT="49" CONTENT="by" WC="1.00" CC="00"/>
						<SP ID="P22_SP00224" HPOS="1666" VPOS="2458" WIDTH="13"/>
						<String ID="P22_ST00259" HPOS="1679" VPOS="2417" WIDTH="22" HEIGHT="25" CONTENT="a" WC="1.00" CC="0"/>
						<SP ID="P22_SP00225" HPOS="1701" VPOS="2458" WIDTH="14"/>
						<String ID="P22_ST00260" HPOS="1715" VPOS="2406" WIDTH="161" HEIGHT="36" CONTENT="human." WC="1.00" CC="220000"/>
					</TextLine>
					<TextLine ID="P22_TL00037" HPOS="1276" VPOS="2457" WIDTH="921" HEIGHT="57">
						<String ID="P22_ST00261" HPOS="1276" VPOS="2468" WIDTH="50" HEIGHT="44" CONTENT="Q." WC="1.00" CC="00" STYLEREFS="TXT_4"/>
						<SP ID="P22_SP00226" HPOS="1326" VPOS="2512" WIDTH="14"/>
						<String ID="P22_ST00262" HPOS="1340" VPOS="2468" WIDTH="61" HEIGHT="35" CONTENT="Do" WC="0.42" CC="65" STYLEREFS="TXT_4"/>
						<SP ID="P22_SP00227" HPOS="1402" VPOS="2512" WIDTH="13"/>
						<String ID="P22_ST00263" HPOS="1414" VPOS="2477" WIDTH="76" HEIGHT="36" CONTENT="you" WC="0.98" CC="040" STYLEREFS="TXT_4"/>
						<SP ID="P22_SP00228" HPOS="1490" VPOS="2513" WIDTH="11"/>
						<String ID="P22_ST00264" HPOS="1501" VPOS="2461" WIDTH="106" HEIGHT="39" CONTENT="think" WC="0.97" CC="66006" STYLEREFS="TXT_4"/>
						<SP ID="P22_SP00229" HPOS="1606" VPOS="2513" WIDTH="11"/>
						<String ID="P22_ST00265" HPOS="1617" VPOS="2460" WIDTH="66" HEIGHT="41" CONTENT="the" WC="0.98" CC="400" STYLEREFS="TXT_4"/>
						<SP ID="P22_SP00230" HPOS="1683" VPOS="2513" WIDTH="13"/>
						<String ID="P22_ST00266" HPOS="1696" VPOS="2460" WIDTH="206" HEIGHT="39" CONTENT="classroom" WC="0.99" CC="000201775" STYLEREFS="TXT_4"/>
						<SP ID="P22_SP00231" HPOS="1902" VPOS="2513" WIDTH="14"/>
						<String ID="P22_ST00267" HPOS="1917" VPOS="2461" WIDTH="195" HEIGHT="35" CONTENT="construct" WC="0.98" CC="774373340" STYLEREFS="TXT_4"/>
						<SP ID="P22_SP00232" HPOS="2112" VPOS="2513" WIDTH="14"/>
						<String ID="P22_ST00268" HPOS="2126" VPOS="2457" WIDTH="71" HEIGHT="38" CONTENT="will" WC="0.94" CC="9866" STYLEREFS="TXT_4"/>
					</TextLine>
					<TextLine ID="P22_TL00038" HPOS="1277" VPOS="2517" WIDTH="650" HEIGHT="52">
						<String ID="P22_ST00269" HPOS="1277" VPOS="2521" WIDTH="167" HEIGHT="38" CONTENT="become" WC="1.00" CC="100500" STYLEREFS="TXT_4"/>
						<SP ID="P22_SP00233" HPOS="1444" VPOS="2559" WIDTH="17"/>
						<String ID="P22_ST00270" HPOS="1461" VPOS="2518" WIDTH="254" HEIGHT="50" CONTENT="increasingly" WC="1.00" CC="000500000000" STYLEREFS="TXT_4"/>
						<SP ID="P22_SP00234" HPOS="1715" VPOS="2569" WIDTH="17"/>
						<String ID="P22_ST00271" HPOS="1732" VPOS="2517" WIDTH="195" HEIGHT="38" CONTENT="obsolete?" WC="0.99" CC="004000614" STYLEREFS="TXT_4"/>
					</TextLine>
					<TextLine ID="P22_TL00039" HPOS="1277" VPOS="2573" WIDTH="925" HEIGHT="52">
						<String ID="P22_ST00272" HPOS="1277" VPOS="2581" WIDTH="46" HEIGHT="35" CONTENT="A." WC="1.00" CC="00"/>
						<SP ID="P22_SP00235" HPOS="1323" VPOS="2616" WIDTH="22"/>
						<String ID="P22_ST00273" HPOS="1345" VPOS="2581" WIDTH="14" HEIGHT="35" CONTENT="I" WC="1.00" CC="0"/>
						<SP ID="P22_SP00236" HPOS="1359" VPOS="2616" WIDTH="20"/>
						<String ID="P22_ST00274" HPOS="1380" VPOS="2580" WIDTH="113" HEIGHT="36" CONTENT="think" WC="0.99" CC="04006"/>
						<SP ID="P22_SP00237" HPOS="1493" VPOS="2616" WIDTH="20"/>
						<String ID="P22_ST00275" HPOS="1513" VPOS="2581" WIDTH="27" HEIGHT="33" CONTENT="it" WC="1.00" CC="00"/>
						<SP ID="P22_SP00238" HPOS="1540" VPOS="2616" WIDTH="22"/>
						<String ID="P22_ST00276" HPOS="1562" VPOS="2576" WIDTH="181" HEIGHT="49" CONTENT="depends" WC="1.00" CC="0040000"/>
						<SP ID="P22_SP00239" HPOS="1743" VPOS="2625" WIDTH="20"/>
						<String ID="P22_ST00277" HPOS="1764" VPOS="2587" WIDTH="20" HEIGHT="25" CONTENT="a" WC="1.00" CC="0"/>
						<SP ID="P22_SP00240" HPOS="1784" VPOS="2625" WIDTH="20"/>
						<String ID="P22_ST00278" HPOS="1805" VPOS="2575" WIDTH="54" HEIGHT="36" CONTENT="lot" WC="0.99" CC="300"/>
						<SP ID="P22_SP00241" HPOS="1858" VPOS="2625" WIDTH="22"/>
						<String ID="P22_ST00279" HPOS="1880" VPOS="2587" WIDTH="52" HEIGHT="24" CONTENT="on" WC="1.00" CC="00"/>
						<SP ID="P22_SP00242" HPOS="1932" VPOS="2625" WIDTH="20"/>
						<String ID="P22_ST00280" HPOS="1953" VPOS="2573" WIDTH="128" HEIGHT="36" CONTENT="actual" WC="0.99" CC="005403"/>
						<SP ID="P22_SP00243" HPOS="2080" VPOS="2625" WIDTH="20"/>
						<String ID="P22_ST00281" HPOS="2101" VPOS="2573" WIDTH="82" HEIGHT="35" CONTENT="indi" SUBS_TYPE="HypPart1" SUBS_CONTENT="individual" WC="0.99" CC="0600"/>
						<HYP HPOS="2183" VPOS="2573" WIDTH="19" CONTENT="-"/>
					</TextLine>
					<TextLine ID="P22_TL00040" HPOS="1277" VPOS="2628" WIDTH="926" HEIGHT="52">
						<String ID="P22_ST00282" HPOS="1277" VPOS="2635" WIDTH="137" HEIGHT="38" CONTENT="vidual" SUBS_TYPE="HypPart2" SUBS_CONTENT="individual" WC="0.99" CC="300030"/>
						<SP ID="P22_SP00244" HPOS="1414" VPOS="2672" WIDTH="20"/>
						<String ID="P22_ST00283" HPOS="1435" VPOS="2633" WIDTH="191" HEIGHT="38" CONTENT="students." WC="1.00" CC="060003400"/>
						<SP ID="P22_SP00245" HPOS="1625" VPOS="2672" WIDTH="22"/>
						<String ID="P22_ST00284" HPOS="1647" VPOS="2633" WIDTH="121" HEIGHT="35" CONTENT="There" WC="1.00" CC="00000"/>
						<SP ID="P22_SP00246" HPOS="1769" VPOS="2672" WIDTH="19"/>
						<String ID="P22_ST00285" HPOS="1787" VPOS="2643" WIDTH="65" HEIGHT="25" CONTENT="are" WC="0.99" CC="020"/>
						<SP ID="P22_SP00247" HPOS="1852" VPOS="2672" WIDTH="19"/>
						<String ID="P22_ST00286" HPOS="1871" VPOS="2630" WIDTH="143" HEIGHT="50" CONTENT="people" WC="0.99" CC="102040"/>
						<SP ID="P22_SP00248" HPOS="2014" VPOS="2680" WIDTH="17"/>
						<String ID="P22_ST00287" HPOS="2031" VPOS="2628" WIDTH="96" HEIGHT="36" CONTENT="who" WC="1.00" CC="000"/>
						<SP ID="P22_SP00249" HPOS="2128" VPOS="2680" WIDTH="20"/>
						<String ID="P22_ST00288" HPOS="2148" VPOS="2641" WIDTH="38" HEIGHT="24" CONTENT="re" SUBS_TYPE="HypPart1" SUBS_CONTENT="really" WC="1.00" CC="00"/>
						<HYP HPOS="2186" VPOS="2641" WIDTH="17" CONTENT="-"/>
					</TextLine>
					<TextLine ID="P22_TL00041" HPOS="1279" VPOS="2685" WIDTH="923" HEIGHT="58">
						<String ID="P22_ST00289" HPOS="1279" VPOS="2693" WIDTH="77" HEIGHT="50" CONTENT="ally" SUBS_TYPE="HypPart2" SUBS_CONTENT="really" WC="0.99" CC="0023"/>
						<SP ID="P22_SP00250" HPOS="1356" VPOS="2743" WIDTH="13"/>
						<String ID="P22_ST00290" HPOS="1369" VPOS="2691" WIDTH="102" HEIGHT="38" CONTENT="need" WC="1.00" CC="0000"/>
						<SP ID="P22_SP00251" HPOS="1471" VPOS="2743" WIDTH="13"/>
						<String ID="P22_ST00291" HPOS="1483" VPOS="2696" WIDTH="43" HEIGHT="33" CONTENT="to" WC="0.75" CC="40"/>
						<SP ID="P22_SP00252" HPOS="1526" VPOS="2743" WIDTH="11"/>
						<String ID="P22_ST00292" HPOS="1537" VPOS="2691" WIDTH="102" HEIGHT="36" CONTENT="have" WC="1.00" CC="0000"/>
						<SP ID="P22_SP00253" HPOS="1639" VPOS="2743" WIDTH="11"/>
						<String ID="P22_ST00293" HPOS="1650" VPOS="2690" WIDTH="66" HEIGHT="36" CONTENT="the" WC="1.00" CC="000"/>
						<SP ID="P22_SP00254" HPOS="1717" VPOS="2743" WIDTH="11"/>
						<String ID="P22_ST00294" HPOS="1728" VPOS="2690" WIDTH="239" HEIGHT="36" CONTENT="interaction." WC="1.00" CC="070010040100"/>
						<SP ID="P22_SP00255" HPOS="1967" VPOS="2743" WIDTH="14"/>
						<String ID="P22_ST00295" HPOS="1981" VPOS="2687" WIDTH="61" HEIGHT="43" CONTENT="So," WC="1.00" CC="000"/>
						<SP ID="P22_SP00256" HPOS="2043" VPOS="2743" WIDTH="14"/>
						<String ID="P22_ST00296" HPOS="2057" VPOS="2687" WIDTH="14" HEIGHT="35" CONTENT="I" WC="1.00" CC="0"/>
						<SP ID="P22_SP00257" HPOS="2071" VPOS="2743" WIDTH="13"/>
						<String ID="P22_ST00297" HPOS="2083" VPOS="2685" WIDTH="118" HEIGHT="36" CONTENT="could" WC="1.00" CC="00200"/>
					</TextLine>
					<TextLine ID="P22_TL00042" HPOS="1280" VPOS="2742" WIDTH="923" HEIGHT="55">
						<String ID="P22_ST00298" HPOS="1280" VPOS="2748" WIDTH="140" HEIGHT="38" CONTENT="record" WC="0.99" CC="200040"/>
						<SP ID="P22_SP00258" HPOS="1420" VPOS="2786" WIDTH="24"/>
						<String ID="P22_ST00299" HPOS="1444" VPOS="2748" WIDTH="68" HEIGHT="36" CONTENT="the" WC="0.98" CC="500"/>
						<SP ID="P22_SP00259" HPOS="1512" VPOS="2786" WIDTH="20"/>
						<String ID="P22_ST00300" HPOS="1532" VPOS="2746" WIDTH="90" HEIGHT="38" CONTENT="best" WC="1.00" CC="0000"/>
						<SP ID="P22_SP00260" HPOS="1622" VPOS="2786" WIDTH="22"/>
						<String ID="P22_ST00301" HPOS="1644" VPOS="2746" WIDTH="180" HEIGHT="50" CONTENT="possible" WC="1.00" CC="01000000"/>
						<SP ID="P22_SP00261" HPOS="1824" VPOS="2797" WIDTH="24"/>
						<String ID="P22_ST00302" HPOS="1847" VPOS="2746" WIDTH="170" HEIGHT="35" CONTENT="lecturer" WC="1.00" CC="20020101"/>
						<SP ID="P22_SP00262" HPOS="2017" VPOS="2797" WIDTH="22"/>
						<String ID="P22_ST00303" HPOS="2039" VPOS="2743" WIDTH="61" HEIGHT="36" CONTENT="for" WC="1.00" CC="000"/>
						<SP ID="P22_SP00263" HPOS="2101" VPOS="2797" WIDTH="25"/>
						<String ID="P22_ST00304" HPOS="2126" VPOS="2742" WIDTH="77" HEIGHT="38" CONTENT="this" WC="0.99" CC="5100"/>
					</TextLine>
					<TextLine ID="P22_TL00043" HPOS="1280" VPOS="2798" WIDTH="923" HEIGHT="45">
						<String ID="P22_ST00305" HPOS="1280" VPOS="2817" WIDTH="139" HEIGHT="25" CONTENT="course" WC="1.00" CC="000000"/>
						<SP ID="P22_SP00264" HPOS="1419" VPOS="2843" WIDTH="16"/>
						<String ID="P22_ST00306" HPOS="1435" VPOS="2816" WIDTH="46" HEIGHT="27" CONTENT="so" WC="0.94" CC="10"/>
						<SP ID="P22_SP00265" HPOS="1480" VPOS="2843" WIDTH="16"/>
						<String ID="P22_ST00307" HPOS="1496" VPOS="2806" WIDTH="14" HEIGHT="35" CONTENT="I" WC="1.00" CC="0"/>
						<SP ID="P22_SP00266" HPOS="1510" VPOS="2843" WIDTH="16"/>
						<String ID="P22_ST00308" HPOS="1526" VPOS="2805" WIDTH="110" HEIGHT="36" CONTENT="don't" WC="0.99" CC="00040"/>
						<SP ID="P22_SP00267" HPOS="1636" VPOS="2843" WIDTH="16"/>
						<String ID="P22_ST00309" HPOS="1652" VPOS="2803" WIDTH="101" HEIGHT="36" CONTENT="have" WC="1.00" CC="0100"/>
						<SP ID="P22_SP00268" HPOS="1753" VPOS="2843" WIDTH="16"/>
						<String ID="P22_ST00310" HPOS="1769" VPOS="2808" WIDTH="41" HEIGHT="31" CONTENT="to" WC="1.00" CC="00"/>
						<SP ID="P22_SP00269" HPOS="1809" VPOS="2843" WIDTH="16"/>
						<String ID="P22_ST00311" HPOS="1825" VPOS="2805" WIDTH="47" HEIGHT="33" CONTENT="sit" WC="0.98" CC="130"/>
						<SP ID="P22_SP00270" HPOS="1872" VPOS="2843" WIDTH="16"/>
						<String ID="P22_ST00312" HPOS="1888" VPOS="2802" WIDTH="91" HEIGHT="36" CONTENT="here" WC="0.99" CC="0020"/>
						<SP ID="P22_SP00271" HPOS="1980" VPOS="2843" WIDTH="16"/>
						<String ID="P22_ST00313" HPOS="1995" VPOS="2798" WIDTH="79" HEIGHT="38" CONTENT="and" WC="1.00" CC="000"/>
						<SP ID="P22_SP00272" HPOS="2074" VPOS="2843" WIDTH="17"/>
						<String ID="P22_ST00314" HPOS="2091" VPOS="2798" WIDTH="112" HEIGHT="36" CONTENT="listen" WC="0.99" CC="000204"/>
					</TextLine>
					<TextLine ID="P22_TL00044" HPOS="1282" VPOS="2855" WIDTH="921" HEIGHT="55">
						<String ID="P22_ST00315" HPOS="1282" VPOS="2868" WIDTH="39" HEIGHT="31" CONTENT="to" WC="0.77" CC="04"/>
						<SP ID="P22_SP00273" HPOS="1321" VPOS="2899" WIDTH="14"/>
						<String ID="P22_ST00316" HPOS="1335" VPOS="2863" WIDTH="79" HEIGHT="36" CONTENT="this" WC="1.00" CC="0000"/>
						<SP ID="P22_SP00274" HPOS="1414" VPOS="2899" WIDTH="13"/>
						<String ID="P22_ST00317" HPOS="1427" VPOS="2861" WIDTH="142" HEIGHT="49" CONTENT="boring" WC="0.99" CC="002006"/>
						<SP ID="P22_SP00275" HPOS="1569" VPOS="2910" WIDTH="14"/>
						<String ID="P22_ST00318" HPOS="1583" VPOS="2871" WIDTH="145" HEIGHT="39" CONTENT="person" WC="1.00" CC="000400"/>
						<SP ID="P22_SP00276" HPOS="1728" VPOS="2910" WIDTH="76"/>
						<String ID="P22_ST00319" HPOS="1803" VPOS="2857" WIDTH="192" HEIGHT="49" CONTENT="although" WC="0.99" CC="02040404"/>
						<SP ID="P22_SP00277" HPOS="1995" VPOS="2910" WIDTH="14"/>
						<String ID="P22_ST00320" HPOS="2009" VPOS="2857" WIDTH="61" HEIGHT="36" CONTENT="it's" WC="0.98" CC="2240"/>
						<SP ID="P22_SP00278" HPOS="2071" VPOS="2910" WIDTH="14"/>
						<String ID="P22_ST00321" HPOS="2085" VPOS="2855" WIDTH="118" HEIGHT="36" CONTENT="much" WC="0.98" CC="0440"/>
					</TextLine>
					<TextLine ID="P22_TL00045" HPOS="1282" VPOS="2912" WIDTH="921" HEIGHT="55">
						<String ID="P22_ST00322" HPOS="1282" VPOS="2921" WIDTH="123" HEIGHT="35" CONTENT="easier" WC="0.99" CC="004003"/>
						<SP ID="P22_SP00279" HPOS="1405" VPOS="2956" WIDTH="14"/>
						<String ID="P22_ST00323" HPOS="1419" VPOS="2923" WIDTH="39" HEIGHT="31" CONTENT="to" WC="1.00" CC="00"/>
						<SP ID="P22_SP00280" HPOS="1458" VPOS="2956" WIDTH="14"/>
						<String ID="P22_ST00324" HPOS="1472" VPOS="2923" WIDTH="71" HEIGHT="31" CONTENT="not" WC="0.98" CC="600"/>
						<SP ID="P22_SP00281" HPOS="1543" VPOS="2956" WIDTH="11"/>
						<String ID="P22_ST00325" HPOS="1554" VPOS="2929" WIDTH="79" HEIGHT="38" CONTENT="pay" WC="1.00" CC="000"/>
						<SP ID="P22_SP00282" HPOS="1633" VPOS="2967" WIDTH="16"/>
						<String ID="P22_ST00326" HPOS="1649" VPOS="2918" WIDTH="187" HEIGHT="35" CONTENT="attention" WC="0.99" CC="060002006"/>
						<SP ID="P22_SP00283" HPOS="1836" VPOS="2967" WIDTH="13"/>
						<String ID="P22_ST00327" HPOS="1849" VPOS="2917" WIDTH="43" HEIGHT="35" CONTENT="in" WC="1.00" CC="00"/>
						<SP ID="P22_SP00284" HPOS="1891" VPOS="2967" WIDTH="13"/>
						<String ID="P22_ST00328" HPOS="1904" VPOS="2913" WIDTH="98" HEIGHT="38" CONTENT="such" WC="0.99" CC="3000"/>
						<SP ID="P22_SP00285" HPOS="2002" VPOS="2967" WIDTH="13"/>
						<String ID="P22_ST00329" HPOS="2014" VPOS="2926" WIDTH="20" HEIGHT="22" CONTENT="a" WC="1.00" CC="0"/>
						<SP ID="P22_SP00286" HPOS="2035" VPOS="2967" WIDTH="16"/>
						<String ID="P22_ST00330" HPOS="2050" VPOS="2912" WIDTH="153" HEIGHT="36" CONTENT="lecture." WC="1.00" CC="00100020"/>
					</TextLine>
				</TextBlock>
				<TextBlock ID="P22_TB00008" HPOS="1282" VPOS="2970" WIDTH="526" HEIGHT="561" language="en" STYLEREFS="TXT_5 PAR_BLOCK">
					<TextLine ID="P22_TL00046" HPOS="1340" VPOS="2973" WIDTH="425" HEIGHT="43">
						<String ID="P22_ST00331" HPOS="1340" VPOS="2976" WIDTH="68" HEIGHT="36" CONTENT="On" WC="0.93" CC="10"/>
						<SP ID="P22_SP00287" HPOS="1408" VPOS="3013" WIDTH="24"/>
						<String ID="P22_ST00332" HPOS="1431" VPOS="2975" WIDTH="69" HEIGHT="36" CONTENT="the" WC="1.00" CC="000"/>
						<SP ID="P22_SP00288" HPOS="1501" VPOS="3013" WIDTH="22"/>
						<String ID="P22_ST00333" HPOS="1523" VPOS="2973" WIDTH="117" HEIGHT="36" CONTENT="other" WC="1.00" CC="00003"/>
						<SP ID="P22_SP00289" HPOS="1639" VPOS="3013" WIDTH="24"/>
						<String ID="P22_ST00334" HPOS="1663" VPOS="2973" WIDTH="102" HEIGHT="43" CONTENT="side," WC="1.00" CC="00001"/>
					</TextLine>
					<TextLine ID="P22_TL00047" HPOS="1283" VPOS="3031" WIDTH="488" HEIGHT="51">
						<String ID="P22_ST00335" HPOS="1283" VPOS="3033" WIDTH="82" HEIGHT="36" CONTENT="I've" WC="1.00" CC="0000"/>
						<SP ID="P22_SP00290" HPOS="1365" VPOS="3069" WIDTH="24"/>
						<String ID="P22_ST00336" HPOS="1389" VPOS="3033" WIDTH="123" HEIGHT="49" CONTENT="given" WC="1.00" CC="00000"/>
						<SP ID="P22_SP00291" HPOS="1512" VPOS="3082" WIDTH="24"/>
						<String ID="P22_ST00337" HPOS="1535" VPOS="3031" WIDTH="170" HEIGHT="36" CONTENT="lectures" WC="1.00" CC="00004000"/>
						<SP ID="P22_SP00292" HPOS="1706" VPOS="3082" WIDTH="22"/>
						<String ID="P22_ST00338" HPOS="1728" VPOS="3031" WIDTH="43" HEIGHT="33" CONTENT="in" WC="0.69" CC="06"/>
					</TextLine>
					<TextLine ID="P22_TL00048" HPOS="1285" VPOS="3085" WIDTH="485" HEIGHT="41">
						<String ID="P22_ST00339" HPOS="1285" VPOS="3090" WIDTH="74" HEIGHT="36" CONTENT="this" WC="1.00" CC="1000"/>
						<SP ID="P22_SP00293" HPOS="1359" VPOS="3126" WIDTH="11"/>
						<String ID="P22_ST00340" HPOS="1370" VPOS="3090" WIDTH="183" HEIGHT="36" CONTENT="situation" WC="1.00" CC="001206300"/>
						<SP ID="P22_SP00294" HPOS="1553" VPOS="3126" WIDTH="11"/>
						<String ID="P22_ST00341" HPOS="1564" VPOS="3085" WIDTH="77" HEIGHT="38" CONTENT="and" WC="0.99" CC="200"/>
						<SP ID="P22_SP00295" HPOS="1641" VPOS="3126" WIDTH="11"/>
						<String ID="P22_ST00342" HPOS="1652" VPOS="3088" WIDTH="27" HEIGHT="35" CONTENT="it" WC="0.93" CC="10"/>
						<SP ID="P22_SP00296" HPOS="1679" VPOS="3126" WIDTH="11"/>
						<String ID="P22_ST00343" HPOS="1690" VPOS="3085" WIDTH="80" HEIGHT="36" CONTENT="also" WC="1.00" CC="2000"/>
					</TextLine>
					<TextLine ID="P22_TL00049" HPOS="1287" VPOS="3145" WIDTH="483" HEIGHT="49">
						<String ID="P22_ST00344" HPOS="1287" VPOS="3146" WIDTH="93" HEIGHT="36" CONTENT="feels" WC="1.00" CC="30000"/>
						<SP ID="P22_SP00297" HPOS="1380" VPOS="3183" WIDTH="11"/>
						<String ID="P22_ST00345" HPOS="1391" VPOS="3157" WIDTH="96" HEIGHT="36" CONTENT="very" WC="1.00" CC="0000"/>
						<SP ID="P22_SP00298" HPOS="1487" VPOS="3194" WIDTH="9"/>
						<String ID="P22_ST00346" HPOS="1496" VPOS="3145" WIDTH="274" HEIGHT="47" CONTENT="constraining." WC="1.00" CC="2000523000001"/>
					</TextLine>
					<TextLine ID="P22_TL00050" HPOS="1287" VPOS="3200" WIDTH="485" HEIGHT="51">
						<String ID="P22_ST00347" HPOS="1287" VPOS="3202" WIDTH="135" HEIGHT="38" CONTENT="When" WC="0.99" CC="1002"/>
						<SP ID="P22_SP00299" HPOS="1422" VPOS="3239" WIDTH="44"/>
						<String ID="P22_ST00348" HPOS="1466" VPOS="3213" WIDTH="87" HEIGHT="38" CONTENT="you" WC="0.98" CC="050"/>
						<SP ID="P22_SP00300" HPOS="1553" VPOS="3250" WIDTH="44"/>
						<String ID="P22_ST00349" HPOS="1597" VPOS="3200" WIDTH="175" HEIGHT="43" CONTENT="lecture," WC="1.00" CC="60210000"/>
					</TextLine>
					<TextLine ID="P22_TL00051" HPOS="1288" VPOS="3257" WIDTH="485" HEIGHT="49">
						<String ID="P22_ST00350" HPOS="1288" VPOS="3260" WIDTH="148" HEIGHT="36" CONTENT="there's" WC="1.00" CC="3004000"/>
						<SP ID="P22_SP00301" HPOS="1436" VPOS="3296" WIDTH="22"/>
						<String ID="P22_ST00351" HPOS="1458" VPOS="3257" WIDTH="235" HEIGHT="49" CONTENT="something" WC="1.00" CC="100000030"/>
						<SP ID="P22_SP00302" HPOS="1693" VPOS="3306" WIDTH="24"/>
						<String ID="P22_ST00352" HPOS="1717" VPOS="3268" WIDTH="38" HEIGHT="25" CONTENT="re" SUBS_TYPE="HypPart1" SUBS_CONTENT="really" WC="0.99" CC="20"/>
						<HYP HPOS="1754" VPOS="3268" WIDTH="19" CONTENT="-"/>
					</TextLine>
					<TextLine ID="P22_TL00052" HPOS="1290" VPOS="3312" WIDTH="485" HEIGHT="52">
						<String ID="P22_ST00353" HPOS="1290" VPOS="3315" WIDTH="80" HEIGHT="49" CONTENT="ally" SUBS_TYPE="HypPart2" SUBS_CONTENT="really" WC="1.00" CC="0000"/>
						<SP ID="P22_SP00303" HPOS="1370" VPOS="3364" WIDTH="27"/>
						<String ID="P22_ST00354" HPOS="1397" VPOS="3317" WIDTH="227" HEIGHT="47" CONTENT="important" WC="1.00" CC="000000050"/>
						<SP ID="P22_SP00304" HPOS="1624" VPOS="3364" WIDTH="25"/>
						<String ID="P22_ST00355" HPOS="1649" VPOS="3312" WIDTH="126" HEIGHT="36" CONTENT="about" WC="1.00" CC="00011"/>
					</TextLine>
					<TextLine ID="P22_TL00053" HPOS="1290" VPOS="3370" WIDTH="485" HEIGHT="38">
						<String ID="P22_ST00356" HPOS="1290" VPOS="3373" WIDTH="63" HEIGHT="35" CONTENT="the" WC="1.00" CC="010"/>
						<SP ID="P22_SP00305" HPOS="1353" VPOS="3408" WIDTH="9"/>
						<String ID="P22_ST00357" HPOS="1362" VPOS="3373" WIDTH="228" HEIGHT="35" CONTENT="connection" WC="0.99" CC="3226060150"/>
						<SP ID="P22_SP00306" HPOS="1591" VPOS="3408" WIDTH="8"/>
						<String ID="P22_ST00358" HPOS="1598" VPOS="3370" WIDTH="176" HEIGHT="36" CONTENT="between" WC="0.99" CC="0030051"/>
					</TextLine>
					<TextLine ID="P22_TL00054" HPOS="1290" VPOS="3425" WIDTH="483" HEIGHT="52">
						<String ID="P22_ST00359" HPOS="1290" VPOS="3441" WIDTH="87" HEIGHT="36" CONTENT="you" WC="0.97" CC="041"/>
						<SP ID="P22_SP00307" HPOS="1376" VPOS="3477" WIDTH="28"/>
						<String ID="P22_ST00360" HPOS="1405" VPOS="3427" WIDTH="85" HEIGHT="38" CONTENT="and" WC="0.97" CC="060"/>
						<SP ID="P22_SP00308" HPOS="1490" VPOS="3477" WIDTH="28"/>
						<String ID="P22_ST00361" HPOS="1518" VPOS="3425" WIDTH="71" HEIGHT="38" CONTENT="the" WC="0.96" CC="350"/>
						<SP ID="P22_SP00309" HPOS="1589" VPOS="3477" WIDTH="27"/>
						<String ID="P22_ST00362" HPOS="1616" VPOS="3425" WIDTH="157" HEIGHT="52" CONTENT="people" WC="1.00" CC="000000"/>
					</TextLine>
					<TextLine ID="P22_TL00055" HPOS="1291" VPOS="3482" WIDTH="483" HEIGHT="49">
						<String ID="P22_ST00363" HPOS="1291" VPOS="3485" WIDTH="135" HEIGHT="46" CONTENT="you're" WC="1.00" CC="000012"/>
						<SP ID="P22_SP00310" HPOS="1427" VPOS="3531" WIDTH="9"/>
						<String ID="P22_ST00364" HPOS="1436" VPOS="3485" WIDTH="150" HEIGHT="46" CONTENT="talking" WC="0.99" CC="4000040"/>
						<SP ID="P22_SP00311" HPOS="1586" VPOS="3531" WIDTH="11"/>
						<String ID="P22_ST00365" HPOS="1597" VPOS="3488" WIDTH="49" HEIGHT="31" CONTENT="to." WC="0.97" CC="600"/>
						<SP ID="P22_SP00312" HPOS="1646" VPOS="3531" WIDTH="13"/>
						<String ID="P22_ST00366" HPOS="1658" VPOS="3485" WIDTH="14" HEIGHT="35" CONTENT="I" WC="0.65" CC="3"/>
						<SP ID="P22_SP00313" HPOS="1672" VPOS="3531" WIDTH="11"/>
						<String ID="P22_ST00367" HPOS="1683" VPOS="3482" WIDTH="91" HEIGHT="38" CONTENT="look" WC="0.99" CC="2020"/>
					</TextLine>
				</TextBlock>
				<TextBlock ID="P22_TB00009" HPOS="1288" VPOS="3531" WIDTH="932" HEIGHT="439" language="en" STYLEREFS="TXT_5 PAR_LEFT">
					<TextLine ID="P22_TL00056" HPOS="1291" VPOS="3535" WIDTH="927" HEIGHT="49">
						<String ID="P22_ST00368" HPOS="1291" VPOS="3546" WIDTH="71" HEIGHT="31" CONTENT="out" WC="0.97" CC="330"/>
						<SP ID="P22_SP00314" HPOS="1362" VPOS="3578" WIDTH="17"/>
						<String ID="P22_ST00369" HPOS="1380" VPOS="3543" WIDTH="41" HEIGHT="33" CONTENT="in" WC="0.44" CC="37"/>
						<SP ID="P22_SP00315" HPOS="1420" VPOS="3578" WIDTH="17"/>
						<String ID="P22_ST00370" HPOS="1438" VPOS="3540" WIDTH="65" HEIGHT="36" CONTENT="the" WC="1.00" CC="000"/>
						<SP ID="P22_SP00316" HPOS="1502" VPOS="3578" WIDTH="19"/>
						<String ID="P22_ST00371" HPOS="1521" VPOS="3539" WIDTH="202" HEIGHT="43" CONTENT="audience," WC="1.00" CC="320001003"/>
						<SP ID="P22_SP00317" HPOS="1723" VPOS="3581" WIDTH="19"/>
						<String ID="P22_ST00372" HPOS="1742" VPOS="3539" WIDTH="13" HEIGHT="35" CONTENT="I" WC="1.00" CC="0"/>
						<SP ID="P22_SP00318" HPOS="1754" VPOS="3581" WIDTH="19"/>
						<String ID="P22_ST00373" HPOS="1773" VPOS="3537" WIDTH="93" HEIGHT="36" CONTENT="look" WC="0.99" CC="0410"/>
						<SP ID="P22_SP00319" HPOS="1866" VPOS="3581" WIDTH="17"/>
						<String ID="P22_ST00374" HPOS="1883" VPOS="3542" WIDTH="38" HEIGHT="31" CONTENT="to" WC="0.63" CC="33"/>
						<SP ID="P22_SP00320" HPOS="1921" VPOS="3581" WIDTH="19"/>
						<String ID="P22_ST00375" HPOS="1940" VPOS="3548" WIDTH="65" HEIGHT="25" CONTENT="see" WC="1.00" CC="000"/>
						<SP ID="P22_SP00321" HPOS="2005" VPOS="3581" WIDTH="17"/>
						<String ID="P22_ST00376" HPOS="2022" VPOS="3535" WIDTH="30" HEIGHT="36" CONTENT="if" WC="0.79" CC="12"/>
						<SP ID="P22_SP00322" HPOS="2052" VPOS="3581" WIDTH="16"/>
						<String ID="P22_ST00377" HPOS="2068" VPOS="3535" WIDTH="150" HEIGHT="49" CONTENT="they're" WC="1.00" CC="0000000"/>
					</TextLine>
					<TextLine ID="P22_TL00057" HPOS="1291" VPOS="3592" WIDTH="925" HEIGHT="55">
						<String ID="P22_ST00378" HPOS="1291" VPOS="3597" WIDTH="140" HEIGHT="50" CONTENT="glazed" WC="1.00" CC="000000"/>
						<SP ID="P22_SP00323" HPOS="1431" VPOS="3647" WIDTH="14"/>
						<String ID="P22_ST00379" HPOS="1446" VPOS="3608" WIDTH="102" HEIGHT="25" CONTENT="over." WC="0.99" CC="50040"/>
						<SP ID="P22_SP00324" HPOS="1548" VPOS="3647" WIDTH="14"/>
						<String ID="P22_ST00380" HPOS="1562" VPOS="3597" WIDTH="14" HEIGHT="36" CONTENT="I" WC="1.00" CC="0"/>
						<SP ID="P22_SP00325" HPOS="1576" VPOS="3647" WIDTH="14"/>
						<String ID="P22_ST00381" HPOS="1591" VPOS="3595" WIDTH="93" HEIGHT="38" CONTENT="look" WC="1.00" CC="0000"/>
						<SP ID="P22_SP00326" HPOS="1683" VPOS="3647" WIDTH="13"/>
						<String ID="P22_ST00382" HPOS="1696" VPOS="3600" WIDTH="39" HEIGHT="31" CONTENT="to" WC="0.75" CC="31"/>
						<SP ID="P22_SP00327" HPOS="1735" VPOS="3647" WIDTH="13"/>
						<String ID="P22_ST00383" HPOS="1748" VPOS="3606" WIDTH="66" HEIGHT="25" CONTENT="see" WC="1.00" CC="000"/>
						<SP ID="P22_SP00328" HPOS="1814" VPOS="3647" WIDTH="13"/>
						<String ID="P22_ST00384" HPOS="1827" VPOS="3594" WIDTH="30" HEIGHT="36" CONTENT="if" WC="0.70" CC="05"/>
						<SP ID="P22_SP00329" HPOS="1857" VPOS="3647" WIDTH="11"/>
						<String ID="P22_ST00385" HPOS="1868" VPOS="3594" WIDTH="146" HEIGHT="49" CONTENT="they're" WC="1.00" CC="4000000"/>
						<SP ID="P22_SP00330" HPOS="2014" VPOS="3647" WIDTH="13"/>
						<String ID="P22_ST00386" HPOS="2027" VPOS="3592" WIDTH="189" HEIGHT="49" CONTENT="sleeping." WC="0.99" CC="000004090"/>
					</TextLine>
					<TextLine ID="P22_TL00058" HPOS="1351" VPOS="3647" WIDTH="868" HEIGHT="54">
						<String ID="P22_ST00387" HPOS="1351" VPOS="3654" WIDTH="14" HEIGHT="35" CONTENT="I" WC="1.00" CC="0"/>
						<SP ID="P22_SP00331" HPOS="1365" VPOS="3688" WIDTH="14"/>
						<String ID="P22_ST00388" HPOS="1380" VPOS="3652" WIDTH="109" HEIGHT="38" CONTENT="learn" WC="1.00" CC="30000"/>
						<SP ID="P22_SP00332" HPOS="1488" VPOS="3690" WIDTH="13"/>
						<String ID="P22_ST00389" HPOS="1501" VPOS="3658" WIDTH="41" HEIGHT="30" CONTENT="to" WC="0.78" CC="40"/>
						<SP ID="P22_SP00333" HPOS="1542" VPOS="3690" WIDTH="13"/>
						<String ID="P22_ST00390" HPOS="1554" VPOS="3654" WIDTH="205" HEIGHT="47" CONTENT="recognize" WC="1.00" CC="105000400"/>
						<SP ID="P22_SP00334" HPOS="1759" VPOS="3701" WIDTH="13"/>
						<String ID="P22_ST00391" HPOS="1772" VPOS="3650" WIDTH="66" HEIGHT="36" CONTENT="the" WC="1.00" CC="000"/>
						<SP ID="P22_SP00335" HPOS="1838" VPOS="3701" WIDTH="14"/>
						<String ID="P22_ST00392" HPOS="1852" VPOS="3650" WIDTH="76" HEIGHT="35" CONTENT="few" WC="0.99" CC="100"/>
						<SP ID="P22_SP00336" HPOS="1928" VPOS="3701" WIDTH="16"/>
						<String ID="P22_ST00393" HPOS="1943" VPOS="3649" WIDTH="142" HEIGHT="49" CONTENT="people" WC="1.00" CC="004000"/>
						<SP ID="P22_SP00337" HPOS="2085" VPOS="3701" WIDTH="16"/>
						<String ID="P22_ST00394" HPOS="2101" VPOS="3650" WIDTH="39" HEIGHT="33" CONTENT="in" WC="0.39" CC="56"/>
						<SP ID="P22_SP00338" HPOS="2140" VPOS="3701" WIDTH="13"/>
						<String ID="P22_ST00395" HPOS="2153" VPOS="3647" WIDTH="66" HEIGHT="36" CONTENT="the" WC="1.00" CC="000"/>
					</TextLine>
					<TextLine ID="P22_TL00059" HPOS="1294" VPOS="3702" WIDTH="926" HEIGHT="54">
						<String ID="P22_ST00396" HPOS="1294" VPOS="3710" WIDTH="104" HEIGHT="36" CONTENT="front" WC="0.98" CC="60070"/>
						<SP ID="P22_SP00339" HPOS="1398" VPOS="3746" WIDTH="19"/>
						<String ID="P22_ST00397" HPOS="1417" VPOS="3720" WIDTH="82" HEIGHT="27" CONTENT="row" WC="0.97" CC="150"/>
						<SP ID="P22_SP00340" HPOS="1499" VPOS="3746" WIDTH="19"/>
						<String ID="P22_ST00398" HPOS="1518" VPOS="3709" WIDTH="93" HEIGHT="36" CONTENT="who" WC="0.99" CC="003"/>
						<SP ID="P22_SP00341" HPOS="1611" VPOS="3746" WIDTH="20"/>
						<String ID="P22_ST00399" HPOS="1631" VPOS="3712" WIDTH="61" HEIGHT="44" CONTENT="get" WC="1.00" CC="000"/>
						<SP ID="P22_SP00342" HPOS="1693" VPOS="3756" WIDTH="19"/>
						<String ID="P22_ST00400" HPOS="1712" VPOS="3710" WIDTH="28" HEIGHT="33" CONTENT="it" WC="0.52" CC="35"/>
						<SP ID="P22_SP00343" HPOS="1740" VPOS="3756" WIDTH="19"/>
						<String ID="P22_ST00401" HPOS="1759" VPOS="3718" WIDTH="44" HEIGHT="25" CONTENT="or" WC="0.81" CC="03"/>
						<SP ID="P22_SP00344" HPOS="1803" VPOS="3756" WIDTH="19"/>
						<String ID="P22_ST00402" HPOS="1822" VPOS="3706" WIDTH="109" HEIGHT="38" CONTENT="don't" WC="1.00" CC="00000"/>
						<SP ID="P22_SP00345" HPOS="1931" VPOS="3756" WIDTH="20"/>
						<String ID="P22_ST00403" HPOS="1951" VPOS="3706" WIDTH="77" HEIGHT="36" CONTENT="and" WC="0.97" CC="060"/>
						<SP ID="P22_SP00346" HPOS="2028" VPOS="3756" WIDTH="20"/>
						<String ID="P22_ST00404" HPOS="2049" VPOS="3710" WIDTH="39" HEIGHT="30" CONTENT="to" WC="0.90" CC="10"/>
						<SP ID="P22_SP00347" HPOS="2088" VPOS="3756" WIDTH="20"/>
						<String ID="P22_ST00405" HPOS="2109" VPOS="3715" WIDTH="65" HEIGHT="25" CONTENT="see" WC="1.00" CC="000"/>
						<SP ID="P22_SP00348" HPOS="2173" VPOS="3756" WIDTH="19"/>
						<String ID="P22_ST00406" HPOS="2192" VPOS="3702" WIDTH="28" HEIGHT="36" CONTENT="if" WC="0.69" CC="24"/>
					</TextLine>
					<TextLine ID="P22_TL00060" HPOS="1294" VPOS="3761" WIDTH="926" HEIGHT="55">
						<String ID="P22_ST00407" HPOS="1294" VPOS="3765" WIDTH="148" HEIGHT="50" CONTENT="they're" WC="1.00" CC="0000000"/>
						<SP ID="P22_SP00349" HPOS="1443" VPOS="3816" WIDTH="19"/>
						<String ID="P22_ST00408" HPOS="1461" VPOS="3765" WIDTH="150" HEIGHT="49" CONTENT="getting" WC="1.00" CC="0001000"/>
						<SP ID="P22_SP00350" HPOS="1611" VPOS="3816" WIDTH="20"/>
						<String ID="P22_ST00409" HPOS="1631" VPOS="3765" WIDTH="25" HEIGHT="33" CONTENT="it" WC="0.77" CC="30"/>
						<SP ID="P22_SP00351" HPOS="1657" VPOS="3816" WIDTH="19"/>
						<String ID="P22_ST00410" HPOS="1676" VPOS="3775" WIDTH="44" HEIGHT="24" CONTENT="or" WC="1.00" CC="00"/>
						<SP ID="P22_SP00352" HPOS="1720" VPOS="3816" WIDTH="19"/>
						<String ID="P22_ST00411" HPOS="1739" VPOS="3767" WIDTH="79" HEIGHT="31" CONTENT="not." WC="0.98" CC="7300"/>
						<SP ID="P22_SP00353" HPOS="1817" VPOS="3816" WIDTH="22"/>
						<String ID="P22_ST00412" HPOS="1839" VPOS="3762" WIDTH="31" HEIGHT="36" CONTENT="If" WC="0.84" CC="03"/>
						<SP ID="P22_SP00354" HPOS="1871" VPOS="3816" WIDTH="17"/>
						<String ID="P22_ST00413" HPOS="1888" VPOS="3773" WIDTH="80" HEIGHT="38" CONTENT="you" WC="0.99" CC="020"/>
						<SP ID="P22_SP00355" HPOS="1969" VPOS="3816" WIDTH="19"/>
						<String ID="P22_ST00414" HPOS="1987" VPOS="3761" WIDTH="112" HEIGHT="38" CONTENT="don't" WC="1.00" CC="00002"/>
						<SP ID="P22_SP00356" HPOS="2099" VPOS="3816" WIDTH="19"/>
						<String ID="P22_ST00415" HPOS="2118" VPOS="3761" WIDTH="102" HEIGHT="36" CONTENT="have" WC="1.00" CC="0000"/>
					</TextLine>
					<TextLine ID="P22_TL00061" HPOS="1296" VPOS="3816" WIDTH="924" HEIGHT="44">
						<String ID="P22_ST00416" HPOS="1296" VPOS="3822" WIDTH="82" HEIGHT="36" CONTENT="that" WC="0.98" CC="6020"/>
						<SP ID="P22_SP00357" HPOS="1378" VPOS="3858" WIDTH="11"/>
						<String ID="P22_ST00417" HPOS="1389" VPOS="3820" WIDTH="191" HEIGHT="38" CONTENT="feedback" WC="1.00" CC="70000000"/>
						<SP ID="P22_SP00358" HPOS="1580" VPOS="3858" WIDTH="11"/>
						<String ID="P22_ST00418" HPOS="1591" VPOS="3822" WIDTH="41" HEIGHT="35" CONTENT="in" WC="0.63" CC="07"/>
						<SP ID="P22_SP00359" HPOS="1631" VPOS="3858" WIDTH="11"/>
						<String ID="P22_ST00419" HPOS="1643" VPOS="3819" WIDTH="65" HEIGHT="38" CONTENT="the" WC="0.97" CC="520"/>
						<SP ID="P22_SP00360" HPOS="1707" VPOS="3858" WIDTH="11"/>
						<String ID="P22_ST00420" HPOS="1718" VPOS="3819" WIDTH="154" HEIGHT="41" CONTENT="lecture," WC="0.99" CC="40623004"/>
						<SP ID="P22_SP00361" HPOS="1872" VPOS="3860" WIDTH="13"/>
						<String ID="P22_ST00421" HPOS="1885" VPOS="3819" WIDTH="13" HEIGHT="35" CONTENT="I" WC="0.70" CC="2"/>
						<SP ID="P22_SP00362" HPOS="1898" VPOS="3860" WIDTH="13"/>
						<String ID="P22_ST00422" HPOS="1910" VPOS="3817" WIDTH="110" HEIGHT="36" CONTENT="don't" WC="1.00" CC="01000"/>
						<SP ID="P22_SP00363" HPOS="2020" VPOS="3860" WIDTH="11"/>
						<String ID="P22_ST00423" HPOS="2031" VPOS="3816" WIDTH="113" HEIGHT="38" CONTENT="think" WC="0.98" CC="50070"/>
						<SP ID="P22_SP00364" HPOS="2145" VPOS="3860" WIDTH="9"/>
						<String ID="P22_ST00424" HPOS="2154" VPOS="3816" WIDTH="66" HEIGHT="36" CONTENT="the" WC="0.99" CC="300"/>
					</TextLine>
					<TextLine ID="P22_TL00062" HPOS="1296" VPOS="3872" WIDTH="924" HEIGHT="49">
						<String ID="P22_ST00425" HPOS="1296" VPOS="3877" WIDTH="161" HEIGHT="36" CONTENT="lectures" WC="0.99" CC="00066000"/>
						<SP ID="P22_SP00365" HPOS="1457" VPOS="3913" WIDTH="9"/>
						<String ID="P22_ST00426" HPOS="1466" VPOS="3888" WIDTH="63" HEIGHT="24" CONTENT="are" WC="1.00" CC="000"/>
						<SP ID="P22_SP00366" HPOS="1529" VPOS="3913" WIDTH="9"/>
						<String ID="P22_ST00427" HPOS="1539" VPOS="3876" WIDTH="128" HEIGHT="36" CONTENT="worth" WC="1.00" CC="00100"/>
						<SP ID="P22_SP00367" HPOS="1666" VPOS="3913" WIDTH="8"/>
						<String ID="P22_ST00428" HPOS="1674" VPOS="3877" WIDTH="38" HEIGHT="41" CONTENT="it," WC="0.99" CC="002"/>
						<SP ID="P22_SP00368" HPOS="1712" VPOS="3918" WIDTH="13"/>
						<String ID="P22_ST00429" HPOS="1724" VPOS="3876" WIDTH="77" HEIGHT="36" CONTENT="and" WC="0.97" CC="070"/>
						<SP ID="P22_SP00369" HPOS="1802" VPOS="3918" WIDTH="13"/>
						<String ID="P22_ST00430" HPOS="1814" VPOS="3885" WIDTH="43" HEIGHT="27" CONTENT="so" WC="0.65" CC="23"/>
						<SP ID="P22_SP00370" HPOS="1857" VPOS="3918" WIDTH="9"/>
						<String ID="P22_ST00431" HPOS="1866" VPOS="3876" WIDTH="14" HEIGHT="35" CONTENT="I" WC="1.00" CC="0"/>
						<SP ID="P22_SP00371" HPOS="1880" VPOS="3918" WIDTH="11"/>
						<String ID="P22_ST00432" HPOS="1891" VPOS="3874" WIDTH="107" HEIGHT="36" CONTENT="think" WC="1.00" CC="40000"/>
						<SP ID="P22_SP00372" HPOS="1998" VPOS="3918" WIDTH="11"/>
						<String ID="P22_ST00433" HPOS="2009" VPOS="3874" WIDTH="58" HEIGHT="36" CONTENT="it's" WC="0.99" CC="0402"/>
						<SP ID="P22_SP00373" HPOS="2068" VPOS="3918" WIDTH="13"/>
						<String ID="P22_ST00434" HPOS="2080" VPOS="3872" WIDTH="140" HEIGHT="49" CONTENT="strictly" WC="1.00" CC="40000000"/>
					</TextLine>
					<TextLine ID="P22_TL00063" HPOS="1296" VPOS="3946" WIDTH="139" HEIGHT="24">
						<String ID="P22_ST00435" HPOS="1296" VPOS="3946" WIDTH="139" HEIGHT="24" CONTENT="worse." WC="1.00" CC="000000"/>
					</TextLine>
				</TextBlock>
				<TextBlock ID="P22_TB00010" HPOS="2398" VPOS="687" WIDTH="725" HEIGHT="1603" language="en" STYLEREFS="TXT_5 PAR_LEFT">
					<TextLine ID="P22_TL00064" HPOS="2402" VPOS="687" WIDTH="720" HEIGHT="52">
						<String ID="P22_ST00436" HPOS="2402" VPOS="694" WIDTH="49" HEIGHT="43" CONTENT="Q." WC="0.98" CC="00" STYLEREFS="TXT_4"/>
						<SP ID="P22_SP00374" HPOS="2450" VPOS="737" WIDTH="14"/>
						<String ID="P22_ST00437" HPOS="2465" VPOS="691" WIDTH="115" HEIGHT="38" CONTENT="What" WC="0.99" CC="0600" STYLEREFS="TXT_4"/>
						<SP ID="P22_SP00375" HPOS="2580" VPOS="737" WIDTH="14"/>
						<String ID="P22_ST00438" HPOS="2594" VPOS="690" WIDTH="220" HEIGHT="49" CONTENT="challenges" WC="0.99" CC="2605003903" STYLEREFS="TXT_4"/>
						<SP ID="P22_SP00376" HPOS="2814" VPOS="739" WIDTH="14"/>
						<String ID="P22_ST00439" HPOS="2828" VPOS="688" WIDTH="41" HEIGHT="38" CONTENT="of" WC="0.46" CC="55" STYLEREFS="TXT_4"/>
						<SP ID="P22_SP00377" HPOS="2869" VPOS="739" WIDTH="11"/>
						<String ID="P22_ST00440" HPOS="2880" VPOS="687" WIDTH="181" HEIGHT="50" CONTENT="teaching" WC="1.00" CC="50003020" STYLEREFS="TXT_4"/>
						<SP ID="P22_SP00378" HPOS="3061" VPOS="739" WIDTH="13"/>
						<String ID="P22_ST00441" HPOS="3074" VPOS="698" WIDTH="47" HEIGHT="27" CONTENT="co" WC="0.84" CC="03" STYLEREFS="TXT_4"/>
					</TextLine>
					<TextLine ID="P22_TL00065" HPOS="2402" VPOS="745" WIDTH="721" HEIGHT="54">
						<String ID="P22_ST00442" HPOS="2402" VPOS="754" WIDTH="118" HEIGHT="44" CONTENT="puter" WC="0.85" CC="04300" STYLEREFS="TXT_4"/>
						<SP ID="P22_SP00379" HPOS="2520" VPOS="798" WIDTH="27"/>
						<String ID="P22_ST00443" HPOS="2546" VPOS="748" WIDTH="165" HEIGHT="38" CONTENT="science" WC="1.00" CC="0000103" STYLEREFS="TXT_4"/>
						<SP ID="P22_SP00380" HPOS="2712" VPOS="798" WIDTH="27"/>
						<String ID="P22_ST00444" HPOS="2739" VPOS="746" WIDTH="54" HEIGHT="38" CONTENT="do" WC="0.60" CC="34" STYLEREFS="TXT_4"/>
						<SP ID="P22_SP00381" HPOS="2792" VPOS="798" WIDTH="27"/>
						<String ID="P22_ST00445" HPOS="2819" VPOS="757" WIDTH="79" HEIGHT="38" CONTENT="you" WC="1.00" CC="000" STYLEREFS="TXT_4"/>
						<SP ID="P22_SP00382" HPOS="2898" VPOS="798" WIDTH="30"/>
						<String ID="P22_ST00446" HPOS="2928" VPOS="745" WIDTH="156" HEIGHT="36" CONTENT="believe" WC="1.00" CC="0000000" STYLEREFS="TXT_4"/>
						<SP ID="P22_SP00383" HPOS="3083" VPOS="798" WIDTH="28"/>
						<String ID="P22_ST00447" HPOS="3112" VPOS="754" WIDTH="11" HEIGHT="27" CONTENT="a" WC="0.25" CC="7"/>
					</TextLine>
					<TextLine ID="P22_TL00066" HPOS="2403" VPOS="803" WIDTH="416" HEIGHT="52">
						<String ID="P22_ST00448" HPOS="2403" VPOS="808" WIDTH="145" HEIGHT="47" CONTENT="unique" WC="1.00" CC="300002" STYLEREFS="TXT_4"/>
						<SP ID="P22_SP00384" HPOS="2548" VPOS="855" WIDTH="16"/>
						<String ID="P22_ST00449" HPOS="2564" VPOS="811" WIDTH="43" HEIGHT="31" CONTENT="to" WC="1.00" CC="00" STYLEREFS="TXT_4"/>
						<SP ID="P22_SP00385" HPOS="2606" VPOS="855" WIDTH="16"/>
						<String ID="P22_ST00450" HPOS="2622" VPOS="805" WIDTH="68" HEIGHT="38" CONTENT="the" WC="0.98" CC="320" STYLEREFS="TXT_4"/>
						<SP ID="P22_SP00386" HPOS="2690" VPOS="855" WIDTH="16"/>
						<String ID="P22_ST00451" HPOS="2706" VPOS="803" WIDTH="113" HEIGHT="39" CONTENT="field?" WC="0.99" CC="000460" STYLEREFS="TXT_4"/>
					</TextLine>
					<TextLine ID="P22_TL00067" HPOS="2402" VPOS="860" WIDTH="721" HEIGHT="50">
						<String ID="P22_ST00452" HPOS="2402" VPOS="866" WIDTH="47" HEIGHT="35" CONTENT="A." WC="1.00" CC="00"/>
						<SP ID="P22_SP00387" HPOS="2449" VPOS="901" WIDTH="22"/>
						<String ID="P22_ST00453" HPOS="2471" VPOS="865" WIDTH="124" HEIGHT="36" CONTENT="There" WC="1.00" CC="10000"/>
						<SP ID="P22_SP00388" HPOS="2595" VPOS="901" WIDTH="19"/>
						<String ID="P22_ST00454" HPOS="2614" VPOS="863" WIDTH="83" HEIGHT="36" CONTENT="will" WC="0.97" CC="0545"/>
						<SP ID="P22_SP00389" HPOS="2698" VPOS="901" WIDTH="20"/>
						<String ID="P22_ST00455" HPOS="2718" VPOS="861" WIDTH="49" HEIGHT="38" CONTENT="be" WC="0.81" CC="30"/>
						<SP ID="P22_SP00390" HPOS="2767" VPOS="901" WIDTH="20"/>
						<String ID="P22_ST00456" HPOS="2787" VPOS="872" WIDTH="113" HEIGHT="25" CONTENT="some" WC="1.00" CC="0000"/>
						<SP ID="P22_SP00391" HPOS="2901" VPOS="901" WIDTH="22"/>
						<String ID="P22_ST00457" HPOS="2923" VPOS="860" WIDTH="143" HEIGHT="50" CONTENT="people" WC="0.99" CC="003020"/>
						<SP ID="P22_SP00392" HPOS="3066" VPOS="910" WIDTH="20"/>
						<String ID="P22_ST00458" HPOS="3087" VPOS="871" WIDTH="36" HEIGHT="24" CONTENT="w" WC="1.00" CC="0"/>
					</TextLine>
					<TextLine ID="P22_TL00068" HPOS="2403" VPOS="920" WIDTH="720" HEIGHT="49">
						<String ID="P22_ST00459" HPOS="2403" VPOS="921" WIDTH="102" HEIGHT="36" CONTENT="have" WC="0.99" CC="4000"/>
						<SP ID="P22_SP00393" HPOS="2506" VPOS="957" WIDTH="17"/>
						<String ID="P22_ST00460" HPOS="2523" VPOS="920" WIDTH="151" HEIGHT="38" CONTENT="trouble" WC="1.00" CC="3300000"/>
						<SP ID="P22_SP00394" HPOS="2674" VPOS="957" WIDTH="19"/>
						<String ID="P22_ST00461" HPOS="2693" VPOS="920" WIDTH="178" HEIGHT="49" CONTENT="learning" WC="0.99" CC="60006400"/>
						<SP ID="P22_SP00395" HPOS="2871" VPOS="969" WIDTH="17"/>
						<String ID="P22_ST00462" HPOS="2888" VPOS="921" WIDTH="205" HEIGHT="46" CONTENT="computer" WC="0.99" CC="40801001"/>
						<SP ID="P22_SP00396" HPOS="3093" VPOS="969" WIDTH="17"/>
						<String ID="P22_ST00463" HPOS="3110" VPOS="928" WIDTH="13" HEIGHT="25" CONTENT="s" WC="0.31" CC="6"/>
					</TextLine>
					<TextLine ID="P22_TL00069" HPOS="2403" VPOS="973" WIDTH="720" HEIGHT="52">
						<String ID="P22_ST00464" HPOS="2403" VPOS="991" WIDTH="96" HEIGHT="25" CONTENT="ence" WC="0.83" CC="0600"/>
						<SP ID="P22_SP00397" HPOS="2499" VPOS="1016" WIDTH="11"/>
						<String ID="P22_ST00465" HPOS="2510" VPOS="978" WIDTH="169" HEIGHT="36" CONTENT="because" WC="1.00" CC="0000400"/>
						<SP ID="P22_SP00398" HPOS="2679" VPOS="1016" WIDTH="14"/>
						<String ID="P22_ST00466" HPOS="2693" VPOS="976" WIDTH="93" HEIGHT="49" CONTENT="they" WC="0.98" CC="6400"/>
						<SP ID="P22_SP00399" HPOS="2786" VPOS="1025" WIDTH="13"/>
						<String ID="P22_ST00467" HPOS="2798" VPOS="975" WIDTH="112" HEIGHT="38" CONTENT="think" WC="0.99" CC="00060"/>
						<SP ID="P22_SP00400" HPOS="2910" VPOS="1025" WIDTH="14"/>
						<String ID="P22_ST00468" HPOS="2924" VPOS="976" WIDTH="39" HEIGHT="35" CONTENT="in" WC="0.62" CC="06"/>
						<SP ID="P22_SP00401" HPOS="2964" VPOS="1025" WIDTH="14"/>
						<String ID="P22_ST00469" HPOS="2978" VPOS="986" WIDTH="19" HEIGHT="24" CONTENT="a" WC="1.00" CC="0"/>
						<SP ID="P22_SP00402" HPOS="2997" VPOS="1025" WIDTH="16"/>
						<String ID="P22_ST00470" HPOS="3013" VPOS="973" WIDTH="74" HEIGHT="36" CONTENT="less" WC="0.98" CC="3050"/>
						<SP ID="P22_SP00403" HPOS="3087" VPOS="1025" WIDTH="14"/>
						<String ID="P22_ST00471" HPOS="3101" VPOS="984" WIDTH="22" HEIGHT="38" CONTENT="s;" WC="0.50" CC="09"/>
					</TextLine>
					<TextLine ID="P22_TL00070" HPOS="2405" VPOS="1033" WIDTH="718" HEIGHT="50">
						<String ID="P22_ST00472" HPOS="2405" VPOS="1038" WIDTH="156" HEIGHT="35" CONTENT="tematic" WC="0.82" CC="6000230"/>
						<SP ID="P22_SP00404" HPOS="2561" VPOS="1072" WIDTH="17"/>
						<String ID="P22_ST00473" HPOS="2578" VPOS="1047" WIDTH="90" HEIGHT="36" CONTENT="way" WC="1.00" CC="000"/>
						<SP ID="P22_SP00405" HPOS="2668" VPOS="1083" WIDTH="82"/>
						<String ID="P22_ST00474" HPOS="2750" VPOS="1033" WIDTH="93" HEIGHT="49" CONTENT="they" WC="0.99" CC="4000"/>
						<SP ID="P22_SP00406" HPOS="2843" VPOS="1083" WIDTH="17"/>
						<String ID="P22_ST00475" HPOS="2860" VPOS="1044" WIDTH="65" HEIGHT="24" CONTENT="are" WC="0.98" CC="420"/>
						<SP ID="P22_SP00407" HPOS="2924" VPOS="1083" WIDTH="19"/>
						<String ID="P22_ST00476" HPOS="2943" VPOS="1043" WIDTH="106" HEIGHT="25" CONTENT="more" WC="0.98" CC="6000"/>
						<SP ID="P22_SP00408" HPOS="3049" VPOS="1083" WIDTH="17"/>
						<String ID="P22_ST00477" HPOS="3066" VPOS="1033" WIDTH="57" HEIGHT="35" CONTENT="int" WC="0.99" CC="000"/>
					</TextLine>
					<TextLine ID="P22_TL00071" HPOS="2405" VPOS="1090" WIDTH="718" HEIGHT="49">
						<String ID="P22_ST00478" HPOS="2405" VPOS="1094" WIDTH="79" HEIGHT="35" CONTENT="tive" WC="0.83" CC="5100"/>
						<SP ID="P22_SP00409" HPOS="2483" VPOS="1129" WIDTH="16"/>
						<String ID="P22_ST00479" HPOS="2499" VPOS="1093" WIDTH="181" HEIGHT="41" CONTENT="learners," WC="0.99" CC="510000114"/>
						<SP ID="P22_SP00410" HPOS="2680" VPOS="1134" WIDTH="16"/>
						<String ID="P22_ST00480" HPOS="2696" VPOS="1102" WIDTH="44" HEIGHT="25" CONTENT="or" WC="0.92" CC="01"/>
						<SP ID="P22_SP00411" HPOS="2740" VPOS="1134" WIDTH="14"/>
						<String ID="P22_ST00481" HPOS="2754" VPOS="1090" WIDTH="139" HEIGHT="49" CONTENT="gestalt" WC="1.00" CC="0000021"/>
						<SP ID="P22_SP00412" HPOS="2893" VPOS="1139" WIDTH="16"/>
						<String ID="P22_ST00482" HPOS="2909" VPOS="1090" WIDTH="180" HEIGHT="39" CONTENT="learners," WC="0.99" CC="200061004"/>
						<SP ID="P22_SP00413" HPOS="3088" VPOS="1139" WIDTH="16"/>
						<String ID="P22_ST00483" HPOS="3104" VPOS="1099" WIDTH="19" HEIGHT="24" CONTENT="a" WC="1.00" CC="0"/>
					</TextLine>
					<TextLine ID="P22_TL00072" HPOS="2405" VPOS="1146" WIDTH="718" HEIGHT="53">
						<String ID="P22_ST00484" HPOS="2405" VPOS="1150" WIDTH="93" HEIGHT="49" CONTENT="they" WC="1.00" CC="0000"/>
						<SP ID="P22_SP00414" HPOS="2498" VPOS="1198" WIDTH="13"/>
						<String ID="P22_ST00485" HPOS="2510" VPOS="1148" WIDTH="94" HEIGHT="36" CONTENT="kind" WC="1.00" CC="0000"/>
						<SP ID="P22_SP00415" HPOS="2605" VPOS="1198" WIDTH="13"/>
						<String ID="P22_ST00486" HPOS="2617" VPOS="1148" WIDTH="43" HEIGHT="36" CONTENT="of" WC="0.87" CC="02"/>
						<SP ID="P22_SP00416" HPOS="2660" VPOS="1198" WIDTH="8"/>
						<String ID="P22_ST00487" HPOS="2668" VPOS="1153" WIDTH="109" HEIGHT="31" CONTENT="want" WC="0.99" CC="0401"/>
						<SP ID="P22_SP00417" HPOS="2776" VPOS="1198" WIDTH="11"/>
						<String ID="P22_ST00488" HPOS="2787" VPOS="1153" WIDTH="38" HEIGHT="30" CONTENT="to" WC="1.00" CC="00"/>
						<SP ID="P22_SP00418" HPOS="2825" VPOS="1198" WIDTH="14"/>
						<String ID="P22_ST00489" HPOS="2839" VPOS="1159" WIDTH="65" HEIGHT="24" CONTENT="see" WC="1.00" CC="000"/>
						<SP ID="P22_SP00419" HPOS="2904" VPOS="1198" WIDTH="11"/>
						<String ID="P22_ST00490" HPOS="2915" VPOS="1157" WIDTH="20" HEIGHT="24" CONTENT="a" WC="1.00" CC="0"/>
						<SP ID="P22_SP00420" HPOS="2935" VPOS="1198" WIDTH="9"/>
						<String ID="P22_ST00491" HPOS="2945" VPOS="1146" WIDTH="69" HEIGHT="47" CONTENT="big" WC="1.00" CC="000"/>
						<SP ID="P22_SP00421" HPOS="3014" VPOS="1198" WIDTH="9"/>
						<String ID="P22_ST00492" HPOS="3024" VPOS="1146" WIDTH="99" HEIGHT="47" CONTENT="pictu" WC="0.71" CC="00337"/>
					</TextLine>
					<TextLine ID="P22_TL00073" HPOS="2406" VPOS="1200" WIDTH="717" HEIGHT="55">
						<String ID="P22_ST00493" HPOS="2406" VPOS="1208" WIDTH="74" HEIGHT="35" CONTENT="But" WC="0.97" CC="305"/>
						<SP ID="P22_SP00422" HPOS="2480" VPOS="1243" WIDTH="14"/>
						<String ID="P22_ST00494" HPOS="2494" VPOS="1208" WIDTH="39" HEIGHT="35" CONTENT="in" WC="0.73" CC="05"/>
						<SP ID="P22_SP00423" HPOS="2534" VPOS="1243" WIDTH="14"/>
						<String ID="P22_ST00495" HPOS="2548" VPOS="1209" WIDTH="206" HEIGHT="46" CONTENT="computer" WC="1.00" CC="20000300"/>
						<SP ID="P22_SP00424" HPOS="2754" VPOS="1255" WIDTH="16"/>
						<String ID="P22_ST00496" HPOS="2770" VPOS="1206" WIDTH="162" HEIGHT="39" CONTENT="science," WC="1.00" CC="00006003"/>
						<SP ID="P22_SP00425" HPOS="2932" VPOS="1255" WIDTH="16"/>
						<String ID="P22_ST00497" HPOS="2948" VPOS="1202" WIDTH="30" HEIGHT="36" CONTENT="if" WC="0.98" CC="00"/>
						<SP ID="P22_SP00426" HPOS="2978" VPOS="1255" WIDTH="11"/>
						<String ID="P22_ST00498" HPOS="2989" VPOS="1214" WIDTH="80" HEIGHT="36" CONTENT="you" WC="0.99" CC="002"/>
						<SP ID="P22_SP00427" HPOS="3069" VPOS="1255" WIDTH="14"/>
						<String ID="P22_ST00499" HPOS="3083" VPOS="1200" WIDTH="39" HEIGHT="36" CONTENT="ha" WC="0.56" CC="08"/>
					</TextLine>
					<TextLine ID="P22_TL00074" HPOS="2406" VPOS="1260" WIDTH="715" HEIGHT="52">
						<String ID="P22_ST00500" HPOS="2406" VPOS="1265" WIDTH="68" HEIGHT="36" CONTENT="the" WC="1.00" CC="000"/>
						<SP ID="P22_SP00428" HPOS="2474" VPOS="1301" WIDTH="19"/>
						<String ID="P22_ST00501" HPOS="2493" VPOS="1265" WIDTH="69" HEIGHT="47" CONTENT="big" WC="0.95" CC="057"/>
						<SP ID="P22_SP00429" HPOS="2562" VPOS="1312" WIDTH="22"/>
						<String ID="P22_ST00502" HPOS="2584" VPOS="1265" WIDTH="151" HEIGHT="47" CONTENT="picture" WC="1.00" CC="0400000"/>
						<SP ID="P22_SP00430" HPOS="2735" VPOS="1312" WIDTH="20"/>
						<String ID="P22_ST00503" HPOS="2756" VPOS="1261" WIDTH="74" HEIGHT="36" CONTENT="but" WC="0.97" CC="033"/>
						<SP ID="P22_SP00431" HPOS="2830" VPOS="1312" WIDTH="20"/>
						<String ID="P22_ST00504" HPOS="2850" VPOS="1266" WIDTH="71" HEIGHT="30" CONTENT="not" WC="0.96" CC="603"/>
						<SP ID="P22_SP00432" HPOS="2921" VPOS="1312" WIDTH="22"/>
						<String ID="P22_ST00505" HPOS="2943" VPOS="1260" WIDTH="66" HEIGHT="35" CONTENT="the" WC="0.99" CC="030"/>
						<SP ID="P22_SP00433" HPOS="3009" VPOS="1312" WIDTH="22"/>
						<String ID="P22_ST00506" HPOS="3031" VPOS="1260" WIDTH="90" HEIGHT="35" CONTENT="deta" WC="0.83" CC="0042"/>
					</TextLine>
					<TextLine ID="P22_TL00075" HPOS="2406" VPOS="1317" WIDTH="717" HEIGHT="54">
						<String ID="P22_ST00507" HPOS="2406" VPOS="1320" WIDTH="124" HEIGHT="50" CONTENT="you'll" WC="0.99" CC="004030"/>
						<SP ID="P22_SP00434" HPOS="2531" VPOS="1370" WIDTH="20"/>
						<String ID="P22_ST00508" HPOS="2551" VPOS="1331" WIDTH="120" HEIGHT="24" CONTENT="never" WC="1.00" CC="30000"/>
						<SP ID="P22_SP00435" HPOS="2671" VPOS="1370" WIDTH="20"/>
						<String ID="P22_ST00509" HPOS="2691" VPOS="1323" WIDTH="65" HEIGHT="46" CONTENT="get" WC="1.00" CC="000"/>
						<SP ID="P22_SP00436" HPOS="2756" VPOS="1370" WIDTH="20"/>
						<String ID="P22_ST00510" HPOS="2776" VPOS="1317" WIDTH="222" HEIGHT="50" CONTENT="anywhere," WC="1.00" CC="400000303"/>
						<SP ID="P22_SP00437" HPOS="2998" VPOS="1370" WIDTH="19"/>
						<String ID="P22_ST00511" HPOS="3017" VPOS="1317" WIDTH="106" HEIGHT="36" CONTENT="beca:" WC="0.90" CC="00202"/>
					</TextLine>
					<TextLine ID="P22_TL00076" HPOS="2408" VPOS="1373" WIDTH="715" HEIGHT="56">
						<String ID="P22_ST00512" HPOS="2408" VPOS="1391" WIDTH="82" HEIGHT="38" CONTENT="you" WC="0.98" CC="040"/>
						<SP ID="P22_SP00438" HPOS="2490" VPOS="1428" WIDTH="13"/>
						<String ID="P22_ST00513" HPOS="2502" VPOS="1376" WIDTH="220" HEIGHT="49" CONTENT="absolutely" WC="1.00" CC="0000300040"/>
						<SP ID="P22_SP00439" HPOS="2723" VPOS="1428" WIDTH="13"/>
						<String ID="P22_ST00514" HPOS="2735" VPOS="1381" WIDTH="107" HEIGHT="30" CONTENT="must" WC="1.00" CC="0002"/>
						<SP ID="P22_SP00440" HPOS="2843" VPOS="1428" WIDTH="13"/>
						<String ID="P22_ST00515" HPOS="2855" VPOS="1375" WIDTH="102" HEIGHT="36" CONTENT="have" WC="1.00" CC="1000"/>
						<SP ID="P22_SP00441" HPOS="2957" VPOS="1428" WIDTH="13"/>
						<String ID="P22_ST00516" HPOS="2970" VPOS="1373" WIDTH="65" HEIGHT="36" CONTENT="the" WC="1.00" CC="000"/>
						<SP ID="P22_SP00442" HPOS="3035" VPOS="1428" WIDTH="14"/>
						<String ID="P22_ST00517" HPOS="3049" VPOS="1373" WIDTH="74" HEIGHT="36" CONTENT="det&lt;" WC="0.88" CC="0004"/>
					</TextLine>
					<TextLine ID="P22_TL00077" HPOS="2409" VPOS="1430" WIDTH="714" HEIGHT="55">
						<String ID="P22_ST00518" HPOS="2409" VPOS="1435" WIDTH="112" HEIGHT="50" CONTENT="right." WC="0.99" CC="310020"/>
						<SP ID="P22_SP00443" HPOS="2521" VPOS="1485" WIDTH="14"/>
						<String ID="P22_ST00519" HPOS="2535" VPOS="1435" WIDTH="52" HEIGHT="36" CONTENT="So" WC="1.00" CC="00"/>
						<SP ID="P22_SP00444" HPOS="2587" VPOS="1485" WIDTH="13"/>
						<String ID="P22_ST00520" HPOS="2600" VPOS="1433" WIDTH="30" HEIGHT="36" CONTENT="if" WC="0.81" CC="30"/>
						<SP ID="P22_SP00445" HPOS="2630" VPOS="1485" WIDTH="9"/>
						<String ID="P22_ST00521" HPOS="2639" VPOS="1444" WIDTH="82" HEIGHT="38" CONTENT="you" WC="0.98" CC="021"/>
						<SP ID="P22_SP00446" HPOS="2721" VPOS="1485" WIDTH="11"/>
						<String ID="P22_ST00522" HPOS="2732" VPOS="1433" WIDTH="77" HEIGHT="49" CONTENT="just" WC="0.98" CC="4005"/>
						<SP ID="P22_SP00447" HPOS="2809" VPOS="1485" WIDTH="13"/>
						<String ID="P22_ST00523" HPOS="2822" VPOS="1433" WIDTH="102" HEIGHT="35" CONTENT="can't" WC="0.99" CC="00600"/>
						<SP ID="P22_SP00448" HPOS="2924" VPOS="1485" WIDTH="11"/>
						<String ID="P22_ST00524" HPOS="2935" VPOS="1431" WIDTH="50" HEIGHT="36" CONTENT="be" WC="0.95" CC="00"/>
						<SP ID="P22_SP00449" HPOS="2986" VPOS="1485" WIDTH="11"/>
						<String ID="P22_ST00525" HPOS="2997" VPOS="1430" WIDTH="126" HEIGHT="36" CONTENT="bothei" WC="0.79" CC="000506"/>
					</TextLine>
					<TextLine ID="P22_TL00078" HPOS="2408" VPOS="1485" WIDTH="715" HEIGHT="57">
						<String ID="P22_ST00526" HPOS="2408" VPOS="1493" WIDTH="54" HEIGHT="49" CONTENT="by" WC="1.00" CC="00"/>
						<SP ID="P22_SP00450" HPOS="2461" VPOS="1542" WIDTH="13"/>
						<String ID="P22_ST00527" HPOS="2474" VPOS="1493" WIDTH="65" HEIGHT="36" CONTENT="the" WC="0.99" CC="110"/>
						<SP ID="P22_SP00451" HPOS="2539" VPOS="1542" WIDTH="14"/>
						<String ID="P22_ST00528" HPOS="2553" VPOS="1491" WIDTH="151" HEIGHT="43" CONTENT="details," WC="1.00" CC="00100304"/>
						<SP ID="P22_SP00452" HPOS="2704" VPOS="1542" WIDTH="14"/>
						<String ID="P22_ST00529" HPOS="2718" VPOS="1490" WIDTH="93" HEIGHT="36" CONTENT="then" WC="1.00" CC="1000"/>
						<SP ID="P22_SP00453" HPOS="2811" VPOS="1542" WIDTH="11"/>
						<String ID="P22_ST00530" HPOS="2822" VPOS="1490" WIDTH="139" HEIGHT="49" CONTENT="you're" WC="1.00" CC="004000"/>
						<SP ID="P22_SP00454" HPOS="2961" VPOS="1542" WIDTH="11"/>
						<String ID="P22_ST00531" HPOS="2972" VPOS="1490" WIDTH="41" HEIGHT="33" CONTENT="in" WC="0.57" CC="16"/>
						<SP ID="P22_SP00455" HPOS="3013" VPOS="1542" WIDTH="11"/>
						<String ID="P22_ST00532" HPOS="3024" VPOS="1485" WIDTH="99" HEIGHT="38" CONTENT="troul" WC="0.94" CC="20000"/>
					</TextLine>
					<TextLine ID="P22_TL00079" HPOS="2469" VPOS="1545" WIDTH="654" HEIGHT="54">
						<String ID="P22_ST00533" HPOS="2469" VPOS="1550" WIDTH="106" HEIGHT="36" CONTENT="Most" WC="0.98" CC="0232"/>
						<SP ID="P22_SP00456" HPOS="2575" VPOS="1586" WIDTH="11"/>
						<String ID="P22_ST00534" HPOS="2586" VPOS="1546" WIDTH="142" HEIGHT="52" CONTENT="people" WC="0.99" CC="002040"/>
						<SP ID="P22_SP00457" HPOS="2728" VPOS="1598" WIDTH="13"/>
						<String ID="P22_ST00535" HPOS="2740" VPOS="1559" WIDTH="80" HEIGHT="38" CONTENT="you" WC="1.00" CC="000"/>
						<SP ID="P22_SP00458" HPOS="2820" VPOS="1598" WIDTH="11"/>
						<String ID="P22_ST00536" HPOS="2831" VPOS="1551" WIDTH="63" HEIGHT="46" CONTENT="get" WC="0.99" CC="002"/>
						<SP ID="P22_SP00459" HPOS="2894" VPOS="1598" WIDTH="13"/>
						<String ID="P22_ST00537" HPOS="2907" VPOS="1545" WIDTH="169" HEIGHT="49" CONTENT="through" WC="1.00" CC="1001000"/>
						<SP ID="P22_SP00460" HPOS="3076" VPOS="1598" WIDTH="9"/>
						<String ID="P22_ST00538" HPOS="3085" VPOS="1548" WIDTH="38" HEIGHT="33" CONTENT="to" WC="0.82" CC="03"/>
					</TextLine>
					<TextLine ID="P22_TL00080" HPOS="2411" VPOS="1603" WIDTH="712" HEIGHT="54">
						<String ID="P22_ST00539" HPOS="2411" VPOS="1608" WIDTH="178" HEIGHT="49" CONTENT="teaching" WC="0.99" CC="32000070"/>
						<SP ID="P22_SP00461" HPOS="2589" VPOS="1657" WIDTH="11"/>
						<String ID="P22_ST00540" HPOS="2600" VPOS="1606" WIDTH="109" HEIGHT="36" CONTENT="them" WC="0.98" CC="0008"/>
						<SP ID="P22_SP00462" HPOS="2709" VPOS="1657" WIDTH="9"/>
						<String ID="P22_ST00541" HPOS="2718" VPOS="1609" WIDTH="41" HEIGHT="33" CONTENT="to" WC="0.81" CC="30"/>
						<SP ID="P22_SP00463" HPOS="2759" VPOS="1657" WIDTH="9"/>
						<String ID="P22_ST00542" HPOS="2769" VPOS="1605" WIDTH="112" HEIGHT="36" CONTENT="think" WC="1.00" CC="40000"/>
						<SP ID="P22_SP00464" HPOS="2880" VPOS="1657" WIDTH="11"/>
						<String ID="P22_ST00543" HPOS="2891" VPOS="1603" WIDTH="231" HEIGHT="49" CONTENT="systematica" WC="1.00" CC="00030002007"/>
					</TextLine>
					<TextLine ID="P22_TL00081" HPOS="2413" VPOS="1660" WIDTH="710" HEIGHT="52">
						<String ID="P22_ST00544" HPOS="2413" VPOS="1665" WIDTH="120" HEIGHT="36" CONTENT="about" WC="1.00" CC="00002"/>
						<SP ID="P22_SP00465" HPOS="2532" VPOS="1701" WIDTH="16"/>
						<String ID="P22_ST00545" HPOS="2548" VPOS="1663" WIDTH="109" HEIGHT="36" CONTENT="what" WC="0.99" CC="0006"/>
						<SP ID="P22_SP00466" HPOS="2657" VPOS="1701" WIDTH="16"/>
						<String ID="P22_ST00546" HPOS="2672" VPOS="1661" WIDTH="98" HEIGHT="36" CONTENT="their" WC="1.00" CC="00000"/>
						<SP ID="P22_SP00467" HPOS="2770" VPOS="1701" WIDTH="17"/>
						<String ID="P22_ST00547" HPOS="2787" VPOS="1660" WIDTH="220" HEIGHT="52" CONTENT="program's" WC="1.00" CC="002010000"/>
						<SP ID="P22_SP00468" HPOS="3008" VPOS="1712" WIDTH="16"/>
						<String ID="P22_ST00548" HPOS="3024" VPOS="1660" WIDTH="99" HEIGHT="44" CONTENT="doin;" WC="0.77" CC="00047"/>
					</TextLine>
					<TextLine ID="P22_TL00082" HPOS="2413" VPOS="1715" WIDTH="710" HEIGHT="55">
						<String ID="P22_ST00549" HPOS="2413" VPOS="1720" WIDTH="112" HEIGHT="38" CONTENT="think" WC="0.99" CC="40050"/>
						<SP ID="P22_SP00469" HPOS="2524" VPOS="1757" WIDTH="14"/>
						<String ID="P22_ST00550" HPOS="2539" VPOS="1720" WIDTH="145" HEIGHT="50" CONTENT="people" WC="1.00" CC="001040"/>
						<SP ID="P22_SP00470" HPOS="2683" VPOS="1770" WIDTH="14"/>
						<String ID="P22_ST00551" HPOS="2698" VPOS="1720" WIDTH="94" HEIGHT="35" CONTENT="who" WC="1.00" CC="100"/>
						<SP ID="P22_SP00471" HPOS="2792" VPOS="1770" WIDTH="14"/>
						<String ID="P22_ST00552" HPOS="2806" VPOS="1718" WIDTH="112" HEIGHT="36" CONTENT="don't" WC="1.00" CC="00000"/>
						<SP ID="P22_SP00472" HPOS="2918" VPOS="1770" WIDTH="17"/>
						<String ID="P22_ST00553" HPOS="2935" VPOS="1718" WIDTH="118" HEIGHT="35" CONTENT="know" WC="1.00" CC="0000"/>
						<SP ID="P22_SP00473" HPOS="3054" VPOS="1770" WIDTH="16"/>
						<String ID="P22_ST00554" HPOS="3069" VPOS="1715" WIDTH="54" HEIGHT="38" CONTENT="abi" WC="0.76" CC="007"/>
					</TextLine>
					<TextLine ID="P22_TL00083" HPOS="2413" VPOS="1773" WIDTH="709" HEIGHT="54">
						<String ID="P22_ST00555" HPOS="2413" VPOS="1781" WIDTH="227" HEIGHT="46" CONTENT="computers" WC="1.00" CC="000014002"/>
						<SP ID="P22_SP00474" HPOS="2639" VPOS="1827" WIDTH="19"/>
						<String ID="P22_ST00556" HPOS="2658" VPOS="1787" WIDTH="63" HEIGHT="25" CONTENT="are" WC="0.99" CC="100"/>
						<SP ID="P22_SP00475" HPOS="2721" VPOS="1827" WIDTH="17"/>
						<String ID="P22_ST00557" HPOS="2739" VPOS="1775" WIDTH="58" HEIGHT="36" CONTENT="far" WC="0.98" CC="040"/>
						<SP ID="P22_SP00476" HPOS="2797" VPOS="1827" WIDTH="17"/>
						<String ID="P22_ST00558" HPOS="2814" VPOS="1786" WIDTH="109" HEIGHT="25" CONTENT="more" WC="0.99" CC="0050"/>
						<SP ID="P22_SP00477" HPOS="2923" VPOS="1827" WIDTH="19"/>
						<String ID="P22_ST00559" HPOS="2942" VPOS="1773" WIDTH="180" HEIGHT="36" CONTENT="intimida" WC="0.79" CC="16600100"/>
					</TextLine>
					<TextLine ID="P22_TL00084" HPOS="2414" VPOS="1830" WIDTH="696" HEIGHT="54">
						<String ID="P22_ST00560" HPOS="2414" VPOS="1835" WIDTH="96" HEIGHT="36" CONTENT="than" WC="0.97" CC="3027"/>
						<SP ID="P22_SP00478" HPOS="2510" VPOS="1871" WIDTH="13"/>
						<String ID="P22_ST00561" HPOS="2523" VPOS="1833" WIDTH="93" HEIGHT="50" CONTENT="they" WC="1.00" CC="0000"/>
						<SP ID="P22_SP00479" HPOS="2616" VPOS="1883" WIDTH="16"/>
						<String ID="P22_ST00562" HPOS="2631" VPOS="1833" WIDTH="101" HEIGHT="36" CONTENT="have" WC="1.00" CC="0001"/>
						<SP ID="P22_SP00480" HPOS="2732" VPOS="1883" WIDTH="17"/>
						<String ID="P22_ST00563" HPOS="2750" VPOS="1844" WIDTH="76" HEIGHT="38" CONTENT="any" WC="0.98" CC="400"/>
						<SP ID="P22_SP00481" HPOS="2825" VPOS="1883" WIDTH="16"/>
						<String ID="P22_ST00564" HPOS="2841" VPOS="1843" WIDTH="140" HEIGHT="25" CONTENT="reason" WC="1.00" CC="000010"/>
						<SP ID="P22_SP00482" HPOS="2981" VPOS="1883" WIDTH="16"/>
						<String ID="P22_ST00565" HPOS="2997" VPOS="1835" WIDTH="39" HEIGHT="33" CONTENT="to" WC="0.63" CC="42"/>
						<SP ID="P22_SP00483" HPOS="3036" VPOS="1883" WIDTH="14"/>
						<String ID="P22_ST00566" HPOS="3050" VPOS="1830" WIDTH="60" HEIGHT="36" CONTENT="be." WC="1.00" CC="000"/>
					</TextLine>
					<TextLine ID="P22_TL00085" HPOS="2414" VPOS="1885" WIDTH="709" HEIGHT="44">
						<String ID="P22_ST00567" HPOS="2414" VPOS="1896" WIDTH="69" HEIGHT="33" CONTENT="not" WC="1.00" CC="000"/>
						<SP ID="P22_SP00484" HPOS="2483" VPOS="1929" WIDTH="17"/>
						<String ID="P22_ST00568" HPOS="2501" VPOS="1891" WIDTH="142" HEIGHT="36" CONTENT="harder" WC="1.00" CC="400000"/>
						<SP ID="P22_SP00485" HPOS="2643" VPOS="1929" WIDTH="19"/>
						<String ID="P22_ST00569" HPOS="2661" VPOS="1902" WIDTH="44" HEIGHT="24" CONTENT="or" WC="0.96" CC="00"/>
						<SP ID="P22_SP00486" HPOS="2706" VPOS="1929" WIDTH="17"/>
						<String ID="P22_ST00570" HPOS="2723" VPOS="1888" WIDTH="169" HEIGHT="38" CONTENT="weirder" WC="1.00" CC="0000003"/>
						<SP ID="P22_SP00487" HPOS="2891" VPOS="1929" WIDTH="17"/>
						<String ID="P22_ST00571" HPOS="2909" VPOS="1888" WIDTH="96" HEIGHT="36" CONTENT="than" WC="0.99" CC="0020"/>
						<SP ID="P22_SP00488" HPOS="3005" VPOS="1929" WIDTH="17"/>
						<String ID="P22_ST00572" HPOS="3022" VPOS="1885" WIDTH="101" HEIGHT="38" CONTENT="math" WC="0.97" CC="0327"/>
					</TextLine>
					<TextLine ID="P22_TL00086" HPOS="2414" VPOS="1946" WIDTH="614" HEIGHT="52">
						<String ID="P22_ST00573" HPOS="2414" VPOS="1948" WIDTH="161" HEIGHT="50" CONTENT="biology" WC="0.98" CC="2053580"/>
						<SP ID="P22_SP00489" HPOS="2575" VPOS="1998" WIDTH="14"/>
						<String ID="P22_ST00574" HPOS="2589" VPOS="1961" WIDTH="44" HEIGHT="24" CONTENT="or" WC="0.73" CC="05"/>
						<SP ID="P22_SP00490" HPOS="2633" VPOS="1998" WIDTH="16"/>
						<String ID="P22_ST00575" HPOS="2649" VPOS="1959" WIDTH="79" HEIGHT="38" CONTENT="any" WC="1.00" CC="000"/>
						<SP ID="P22_SP00491" HPOS="2728" VPOS="1998" WIDTH="13"/>
						<String ID="P22_ST00576" HPOS="2740" VPOS="1946" WIDTH="112" HEIGHT="36" CONTENT="other" WC="0.99" CC="20400"/>
						<SP ID="P22_SP00492" HPOS="2852" VPOS="1998" WIDTH="14"/>
						<String ID="P22_ST00577" HPOS="2866" VPOS="1946" WIDTH="162" HEIGHT="36" CONTENT="science." WC="1.00" CC="00000000"/>
					</TextLine>
					<TextLine ID="P22_TL00087" HPOS="2474" VPOS="2002" WIDTH="649" HEIGHT="52">
						<String ID="P22_ST00578" HPOS="2474" VPOS="2008" WIDTH="88" HEIGHT="35" CONTENT="Last" WC="0.98" CC="2005"/>
						<SP ID="P22_SP00493" HPOS="2562" VPOS="2043" WIDTH="19"/>
						<String ID="P22_ST00579" HPOS="2581" VPOS="2016" WIDTH="93" HEIGHT="38" CONTENT="year" WC="1.00" CC="0000"/>
						<SP ID="P22_SP00494" HPOS="2674" VPOS="2054" WIDTH="19"/>
						<String ID="P22_ST00580" HPOS="2693" VPOS="2005" WIDTH="13" HEIGHT="35" CONTENT="I" WC="1.00" CC="0"/>
						<SP ID="P22_SP00495" HPOS="2706" VPOS="2054" WIDTH="20"/>
						<String ID="P22_ST00581" HPOS="2726" VPOS="2003" WIDTH="139" HEIGHT="49" CONTENT="taught" WC="0.98" CC="404704"/>
						<SP ID="P22_SP00496" HPOS="2865" VPOS="2054" WIDTH="19"/>
						<String ID="P22_ST00582" HPOS="2883" VPOS="2003" WIDTH="104" HEIGHT="35" CONTENT="Intro" WC="1.00" CC="02000"/>
						<SP ID="P22_SP00497" HPOS="2987" VPOS="2054" WIDTH="17"/>
						<String ID="P22_ST00583" HPOS="3005" VPOS="2006" WIDTH="41" HEIGHT="31" CONTENT="to" WC="0.73" CC="23"/>
						<SP ID="P22_SP00498" HPOS="3046" VPOS="2054" WIDTH="16"/>
						<String ID="P22_ST00584" HPOS="3061" VPOS="2002" WIDTH="61" HEIGHT="35" CONTENT="Arl" WC="0.83" CC="004"/>
					</TextLine>
					<TextLine ID="P22_TL00088" HPOS="2416" VPOS="2058" WIDTH="707" HEIGHT="54">
						<String ID="P22_ST00585" HPOS="2416" VPOS="2063" WIDTH="72" HEIGHT="36" CONTENT="cial" WC="0.83" CC="0014"/>
						<SP ID="P22_SP00499" HPOS="2488" VPOS="2099" WIDTH="22"/>
						<String ID="P22_ST00586" HPOS="2510" VPOS="2061" WIDTH="249" HEIGHT="50" CONTENT="Intelligence" WC="0.99" CC="075003500500"/>
						<SP ID="P22_SP00500" HPOS="2759" VPOS="2112" WIDTH="20"/>
						<String ID="P22_ST00587" HPOS="2780" VPOS="2060" WIDTH="96" HEIGHT="46" CONTENT="(AI)," WC="0.89" CC="20003"/>
						<SP ID="P22_SP00501" HPOS="2876" VPOS="2112" WIDTH="22"/>
						<String ID="P22_ST00588" HPOS="2898" VPOS="2071" WIDTH="68" HEIGHT="38" CONTENT="my" WC="1.00" CC="00"/>
						<SP ID="P22_SP00502" HPOS="2965" VPOS="2112" WIDTH="22"/>
						<String ID="P22_ST00589" HPOS="2987" VPOS="2058" WIDTH="104" HEIGHT="43" CONTENT="field," WC="0.99" CC="400403"/>
						<SP ID="P22_SP00503" HPOS="3091" VPOS="2112" WIDTH="24"/>
						<String ID="P22_ST00590" HPOS="3115" VPOS="2068" WIDTH="8" HEIGHT="27" CONTENT="a" WC="0.96" CC="0"/>
					</TextLine>
					<TextLine ID="P22_TL00089" HPOS="2417" VPOS="2113" WIDTH="706" HEIGHT="53">
						<String ID="P22_ST00591" HPOS="2417" VPOS="2120" WIDTH="83" HEIGHT="36" CONTENT="that" WC="0.98" CC="6021"/>
						<SP ID="P22_SP00504" HPOS="2501" VPOS="2156" WIDTH="11"/>
						<String ID="P22_ST00592" HPOS="2512" VPOS="2120" WIDTH="14" HEIGHT="35" CONTENT="I" WC="1.00" CC="0"/>
						<SP ID="P22_SP00505" HPOS="2526" VPOS="2156" WIDTH="13"/>
						<String ID="P22_ST00593" HPOS="2539" VPOS="2118" WIDTH="85" HEIGHT="36" CONTENT="find" WC="0.97" CC="5260"/>
						<SP ID="P22_SP00506" HPOS="2624" VPOS="2156" WIDTH="13"/>
						<String ID="P22_ST00594" HPOS="2636" VPOS="2117" WIDTH="258" HEIGHT="49" CONTENT="enormously" WC="0.99" CC="0723005040"/>
						<SP ID="P22_SP00507" HPOS="2894" VPOS="2165" WIDTH="13"/>
						<String ID="P22_ST00595" HPOS="2907" VPOS="2113" WIDTH="178" HEIGHT="39" CONTENT="difficult." WC="1.00" CC="0000620430"/>
						<SP ID="P22_SP00508" HPOS="3085" VPOS="2165" WIDTH="11"/>
						<String ID="P22_ST00596" HPOS="3096" VPOS="2113" WIDTH="27" HEIGHT="36" CONTENT="A" WC="1.00" CC="0" STYLEREFS="TXT_3"/>
					</TextLine>
					<TextLine ID="P22_TL00090" HPOS="2417" VPOS="2172" WIDTH="706" HEIGHT="54">
						<String ID="P22_ST00597" HPOS="2417" VPOS="2176" WIDTH="66" HEIGHT="38" CONTENT="the" WC="0.98" CC="600"/>
						<SP ID="P22_SP00509" HPOS="2483" VPOS="2214" WIDTH="11"/>
						<String ID="P22_ST00598" HPOS="2494" VPOS="2178" WIDTH="214" HEIGHT="47" CONTENT="enterprise" WC="1.00" CC="0600000100"/>
						<SP ID="P22_SP00510" HPOS="2709" VPOS="2225" WIDTH="11"/>
						<String ID="P22_ST00599" HPOS="2720" VPOS="2173" WIDTH="43" HEIGHT="38" CONTENT="of" WC="0.82" CC="21"/>
						<SP ID="P22_SP00511" HPOS="2762" VPOS="2225" WIDTH="9"/>
						<String ID="P22_ST00600" HPOS="2772" VPOS="2175" WIDTH="129" HEIGHT="49" CONTENT="trying" WC="1.00" CC="500000"/>
						<SP ID="P22_SP00512" HPOS="2901" VPOS="2225" WIDTH="11"/>
						<String ID="P22_ST00601" HPOS="2912" VPOS="2178" WIDTH="41" HEIGHT="30" CONTENT="to" WC="0.83" CC="03"/>
						<SP ID="P22_SP00513" HPOS="2953" VPOS="2225" WIDTH="13"/>
						<String ID="P22_ST00602" HPOS="2965" VPOS="2172" WIDTH="113" HEIGHT="36" CONTENT="make" WC="1.00" CC="0000"/>
						<SP ID="P22_SP00514" HPOS="3079" VPOS="2225" WIDTH="11"/>
						<String ID="P22_ST00603" HPOS="3090" VPOS="2183" WIDTH="33" HEIGHT="25" CONTENT="cc" WC="0.40" CC="38"/>
					</TextLine>
					<TextLine ID="P22_TL00091" HPOS="2419" VPOS="2227" WIDTH="704" HEIGHT="57">
						<String ID="P22_ST00604" HPOS="2419" VPOS="2238" WIDTH="134" HEIGHT="46" CONTENT="puters" WC="0.87" CC="025000"/>
						<SP ID="P22_SP00515" HPOS="2553" VPOS="2283" WIDTH="20"/>
						<String ID="P22_ST00605" HPOS="2573" VPOS="2236" WIDTH="121" HEIGHT="31" CONTENT="smart" WC="0.98" CC="08031"/>
						<SP ID="P22_SP00516" HPOS="2694" VPOS="2283" WIDTH="19"/>
						<String ID="P22_ST00606" HPOS="2713" VPOS="2231" WIDTH="80" HEIGHT="36" CONTENT="and" WC="0.99" CC="300"/>
						<SP ID="P22_SP00517" HPOS="2794" VPOS="2283" WIDTH="19"/>
						<String ID="P22_ST00607" HPOS="2813" VPOS="2230" WIDTH="145" HEIGHT="50" CONTENT="people" WC="0.99" CC="003040"/>
						<SP ID="P22_SP00518" HPOS="2957" VPOS="2283" WIDTH="19"/>
						<String ID="P22_ST00608" HPOS="2976" VPOS="2228" WIDTH="101" HEIGHT="38" CONTENT="have" WC="1.00" CC="0000"/>
						<SP ID="P22_SP00519" HPOS="3077" VPOS="2283" WIDTH="16"/>
						<String ID="P22_ST00609" HPOS="3093" VPOS="2227" WIDTH="30" HEIGHT="38" CONTENT="b" WC="0.14" CC="8"/>
					</TextLine>
				</TextBlock>
				<TextBlock ID="P22_TB00011" HPOS="2265" VPOS="2290" WIDTH="858" HEIGHT="676" language="en" STYLEREFS="TXT_5 PAR_BLOCK">
					<TextLine ID="P22_TL00092" HPOS="2266" VPOS="2290" WIDTH="857" HEIGHT="52">
						<String ID="P22_ST00610" HPOS="2266" VPOS="2293" WIDTH="126" HEIGHT="49" CONTENT="doing" WC="1.00" CC="00000"/>
						<SP ID="P22_SP00520" HPOS="2392" VPOS="2342" WIDTH="22"/>
						<String ID="P22_ST00611" HPOS="2414" VPOS="2294" WIDTH="27" HEIGHT="33" CONTENT="it" WC="0.88" CC="01"/>
						<SP ID="P22_SP00521" HPOS="2441" VPOS="2342" WIDTH="20"/>
						<String ID="P22_ST00612" HPOS="2461" VPOS="2302" WIDTH="93" HEIGHT="25" CONTENT="now" WC="0.96" CC="720"/>
						<SP ID="P22_SP00522" HPOS="2554" VPOS="2342" WIDTH="24"/>
						<String ID="P22_ST00613" HPOS="2578" VPOS="2291" WIDTH="107" HEIGHT="35" CONTENT="since" WC="1.00" CC="00300"/>
						<SP ID="P22_SP00523" HPOS="2685" VPOS="2342" WIDTH="22"/>
						<String ID="P22_ST00614" HPOS="2707" VPOS="2290" WIDTH="65" HEIGHT="35" CONTENT="the" WC="0.99" CC="100"/>
						<SP ID="P22_SP00524" HPOS="2772" VPOS="2342" WIDTH="24"/>
						<String ID="P22_ST00615" HPOS="2795" VPOS="2290" WIDTH="128" HEIGHT="39" CONTENT="19405," WC="0.87" CC="300004"/>
						<SP ID="P22_SP00525" HPOS="2923" VPOS="2342" WIDTH="22"/>
						<String ID="P22_ST00616" HPOS="2945" VPOS="2290" WIDTH="79" HEIGHT="33" CONTENT="and" WC="0.97" CC="060"/>
						<SP ID="P22_SP00526" HPOS="3024" VPOS="2342" WIDTH="22"/>
						<String ID="P22_ST00617" HPOS="3046" VPOS="2296" WIDTH="54" HEIGHT="25" CONTENT="no" WC="0.87" CC="02"/>
						<SP ID="P22_SP00527" HPOS="3099" VPOS="2342" WIDTH="19"/>
						<String ID="P22_ST00618" HPOS="3118" VPOS="2290" WIDTH="5" HEIGHT="52" CONTENT="&lt;" WC="0.79" CC="2"/>
					</TextLine>
					<TextLine ID="P22_TL00093" HPOS="2266" VPOS="2342" WIDTH="857" HEIGHT="50">
						<String ID="P22_ST00619" HPOS="2266" VPOS="2348" WIDTH="142" HEIGHT="36" CONTENT="knows" WC="0.99" CC="06000"/>
						<SP ID="P22_SP00528" HPOS="2408" VPOS="2384" WIDTH="20"/>
						<String ID="P22_ST00620" HPOS="2428" VPOS="2346" WIDTH="91" HEIGHT="38" CONTENT="how" WC="0.98" CC="040"/>
						<SP ID="P22_SP00529" HPOS="2520" VPOS="2384" WIDTH="22"/>
						<String ID="P22_ST00621" HPOS="2542" VPOS="2351" WIDTH="39" HEIGHT="31" CONTENT="to" WC="0.96" CC="00"/>
						<SP ID="P22_SP00530" HPOS="2581" VPOS="2384" WIDTH="22"/>
						<String ID="P22_ST00622" HPOS="2603" VPOS="2346" WIDTH="54" HEIGHT="35" CONTENT="do" WC="1.00" CC="00"/>
						<SP ID="P22_SP00531" HPOS="2657" VPOS="2384" WIDTH="19"/>
						<String ID="P22_ST00623" HPOS="2676" VPOS="2346" WIDTH="38" HEIGHT="35" CONTENT="it." WC="1.00" CC="000"/>
						<SP ID="P22_SP00532" HPOS="2713" VPOS="2384" WIDTH="22"/>
						<String ID="P22_ST00624" HPOS="2735" VPOS="2346" WIDTH="66" HEIGHT="35" CONTENT="No" WC="0.88" CC="02"/>
						<SP ID="P22_SP00533" HPOS="2802" VPOS="2384" WIDTH="19"/>
						<String ID="P22_ST00625" HPOS="2820" VPOS="2356" WIDTH="77" HEIGHT="25" CONTENT="one" WC="1.00" CC="000"/>
						<SP ID="P22_SP00534" HPOS="2898" VPOS="2384" WIDTH="20"/>
						<String ID="P22_ST00626" HPOS="2918" VPOS="2343" WIDTH="118" HEIGHT="49" CONTENT="really" WC="0.99" CC="300400"/>
						<SP ID="P22_SP00535" HPOS="3036" VPOS="2392" WIDTH="20"/>
						<String ID="P22_ST00627" HPOS="3057" VPOS="2342" WIDTH="66" HEIGHT="36" CONTENT="knc" WC="0.76" CC="007"/>
					</TextLine>
					<TextLine ID="P22_TL00094" HPOS="2266" VPOS="2398" WIDTH="854" HEIGHT="56">
						<String ID="P22_ST00628" HPOS="2266" VPOS="2406" WIDTH="109" HEIGHT="36" CONTENT="what" WC="0.99" CC="0004"/>
						<SP ID="P22_SP00536" HPOS="2375" VPOS="2443" WIDTH="17"/>
						<String ID="P22_ST00629" HPOS="2392" VPOS="2405" WIDTH="146" HEIGHT="49" CONTENT="they're" WC="1.00" CC="3000000"/>
						<SP ID="P22_SP00537" HPOS="2539" VPOS="2454" WIDTH="17"/>
						<String ID="P22_ST00630" HPOS="2556" VPOS="2403" WIDTH="135" HEIGHT="47" CONTENT="doing," WC="0.99" CC="003004"/>
						<SP ID="P22_SP00538" HPOS="2691" VPOS="2454" WIDTH="19"/>
						<String ID="P22_ST00631" HPOS="2710" VPOS="2402" WIDTH="77" HEIGHT="36" CONTENT="and" WC="0.99" CC="300"/>
						<SP ID="P22_SP00539" HPOS="2787" VPOS="2454" WIDTH="17"/>
						<String ID="P22_ST00632" HPOS="2805" VPOS="2403" WIDTH="14" HEIGHT="35" CONTENT="I" WC="1.00" CC="0"/>
						<SP ID="P22_SP00540" HPOS="2819" VPOS="2454" WIDTH="17"/>
						<String ID="P22_ST00633" HPOS="2836" VPOS="2400" WIDTH="85" HEIGHT="36" CONTENT="find" WC="0.97" CC="1370"/>
						<SP ID="P22_SP00541" HPOS="2921" VPOS="2454" WIDTH="19"/>
						<String ID="P22_ST00634" HPOS="2940" VPOS="2403" WIDTH="28" HEIGHT="33" CONTENT="it" WC="0.79" CC="40"/>
						<SP ID="P22_SP00542" HPOS="2969" VPOS="2454" WIDTH="14"/>
						<String ID="P22_ST00635" HPOS="2983" VPOS="2411" WIDTH="96" HEIGHT="38" CONTENT="very" WC="1.00" CC="0000"/>
						<SP ID="P22_SP00543" HPOS="3079" VPOS="2454" WIDTH="14"/>
						<String ID="P22_ST00636" HPOS="3093" VPOS="2398" WIDTH="27" HEIGHT="36" CONTENT="d" WC="1.00" CC="0"/>
					</TextLine>
					<TextLine ID="P22_TL00095" HPOS="2268" VPOS="2455" WIDTH="851" HEIGHT="44">
						<String ID="P22_ST00637" HPOS="2268" VPOS="2461" WIDTH="80" HEIGHT="38" CONTENT="cult" WC="0.99" CC="0203"/>
						<SP ID="P22_SP00544" HPOS="2348" VPOS="2499" WIDTH="16"/>
						<String ID="P22_ST00638" HPOS="2364" VPOS="2468" WIDTH="41" HEIGHT="30" CONTENT="to" WC="0.70" CC="50"/>
						<SP ID="P22_SP00545" HPOS="2405" VPOS="2499" WIDTH="17"/>
						<String ID="P22_ST00639" HPOS="2422" VPOS="2460" WIDTH="110" HEIGHT="38" CONTENT="teach" WC="0.99" CC="60000"/>
						<SP ID="P22_SP00546" HPOS="2532" VPOS="2499" WIDTH="14"/>
						<String ID="P22_ST00640" HPOS="2546" VPOS="2460" WIDTH="170" HEIGHT="36" CONTENT="because" WC="1.00" CC="0030400"/>
						<SP ID="P22_SP00547" HPOS="2717" VPOS="2499" WIDTH="16"/>
						<String ID="P22_ST00641" HPOS="2732" VPOS="2458" WIDTH="142" HEIGHT="36" CONTENT="there's" WC="0.99" CC="6504000"/>
						<SP ID="P22_SP00548" HPOS="2874" VPOS="2499" WIDTH="17"/>
						<String ID="P22_ST00642" HPOS="2891" VPOS="2469" WIDTH="54" HEIGHT="25" CONTENT="no" WC="0.41" CC="65"/>
						<SP ID="P22_SP00549" HPOS="2945" VPOS="2499" WIDTH="19"/>
						<String ID="P22_ST00643" HPOS="2964" VPOS="2457" WIDTH="96" HEIGHT="36" CONTENT='"fact' WC="0.97" CC="81503"/>
						<SP ID="P22_SP00550" HPOS="3060" VPOS="2499" WIDTH="16"/>
						<String ID="P22_ST00644" HPOS="3076" VPOS="2455" WIDTH="43" HEIGHT="36" CONTENT="of" WC="0.65" CC="60"/>
					</TextLine>
					<TextLine ID="P22_TL00096" HPOS="2269" VPOS="2513" WIDTH="854" HEIGHT="52">
						<String ID="P22_ST00645" HPOS="2269" VPOS="2520" WIDTH="172" HEIGHT="35" CONTENT='matter."' WC="0.99" CC="01500208"/>
						<SP ID="P22_SP00551" HPOS="2441" VPOS="2554" WIDTH="19"/>
						<String ID="P22_ST00646" HPOS="2460" VPOS="2518" WIDTH="63" HEIGHT="36" CONTENT="It's" WC="0.99" CC="0300"/>
						<SP ID="P22_SP00552" HPOS="2523" VPOS="2554" WIDTH="16"/>
						<String ID="P22_ST00647" HPOS="2539" VPOS="2515" WIDTH="238" HEIGHT="50" CONTENT="completely" WC="1.00" CC="0000000010"/>
						<SP ID="P22_SP00553" HPOS="2776" VPOS="2565" WIDTH="17"/>
						<String ID="P22_ST00648" HPOS="2794" VPOS="2515" WIDTH="83" HEIGHT="36" CONTENT="trial" WC="1.00" CC="20000"/>
						<SP ID="P22_SP00554" HPOS="2877" VPOS="2565" WIDTH="17"/>
						<String ID="P22_ST00649" HPOS="2894" VPOS="2513" WIDTH="79" HEIGHT="38" CONTENT="and" WC="1.00" CC="000"/>
						<SP ID="P22_SP00555" HPOS="2973" VPOS="2565" WIDTH="17"/>
						<String ID="P22_ST00650" HPOS="2991" VPOS="2524" WIDTH="132" HEIGHT="30" CONTENT="error,;" WC="0.99" CC="0031037"/>
					</TextLine>
					<TextLine ID="P22_TL00097" HPOS="2271" VPOS="2573" WIDTH="852" HEIGHT="51">
						<String ID="P22_ST00651" HPOS="2271" VPOS="2576" WIDTH="77" HEIGHT="36" CONTENT="still" WC="1.00" CC="00200"/>
						<SP ID="P22_SP00556" HPOS="2348" VPOS="2613" WIDTH="20"/>
						<String ID="P22_ST00652" HPOS="2369" VPOS="2587" WIDTH="54" HEIGHT="24" CONTENT="no" WC="0.59" CC="61"/>
						<SP ID="P22_SP00557" HPOS="2422" VPOS="2613" WIDTH="20"/>
						<String ID="P22_ST00653" HPOS="2443" VPOS="2586" WIDTH="76" HEIGHT="25" CONTENT="one" WC="1.00" CC="000"/>
						<SP ID="P22_SP00558" HPOS="2518" VPOS="2613" WIDTH="22"/>
						<String ID="P22_ST00654" HPOS="2540" VPOS="2584" WIDTH="134" HEIGHT="39" CONTENT="agrees" WC="1.00" CC="000004"/>
						<SP ID="P22_SP00559" HPOS="2674" VPOS="2624" WIDTH="22"/>
						<String ID="P22_ST00655" HPOS="2696" VPOS="2584" WIDTH="52" HEIGHT="24" CONTENT="on" WC="0.67" CC="06"/>
						<SP ID="P22_SP00560" HPOS="2748" VPOS="2624" WIDTH="20"/>
						<String ID="P22_ST00656" HPOS="2769" VPOS="2573" WIDTH="109" HEIGHT="35" CONTENT="what" WC="0.99" CC="0031"/>
						<SP ID="P22_SP00561" HPOS="2877" VPOS="2624" WIDTH="22"/>
						<String ID="P22_ST00657" HPOS="2899" VPOS="2573" WIDTH="224" HEIGHT="35" CONTENT="constitutes" WC="1.00" CC="01000043204"/>
					</TextLine>
					<TextLine ID="P22_TL00098" HPOS="2271" VPOS="2627" WIDTH="798" HEIGHT="43">
						<String ID="P22_ST00658" HPOS="2271" VPOS="2644" WIDTH="106" HEIGHT="25" CONTENT="error" WC="0.99" CC="05310"/>
						<SP ID="P22_SP00562" HPOS="2376" VPOS="2669" WIDTH="14"/>
						<String ID="P22_ST00659" HPOS="2391" VPOS="2633" WIDTH="79" HEIGHT="35" CONTENT="and" WC="0.97" CC="060"/>
						<SP ID="P22_SP00563" HPOS="2469" VPOS="2669" WIDTH="16"/>
						<String ID="P22_ST00660" HPOS="2485" VPOS="2643" WIDTH="46" HEIGHT="25" CONTENT="so" WC="0.99" CC="00"/>
						<SP ID="P22_SP00564" HPOS="2531" VPOS="2669" WIDTH="14"/>
						<String ID="P22_ST00661" HPOS="2545" VPOS="2631" WIDTH="61" HEIGHT="36" CONTENT="it's" WC="1.00" CC="0001"/>
						<SP ID="P22_SP00565" HPOS="2606" VPOS="2669" WIDTH="16"/>
						<String ID="P22_ST00662" HPOS="2622" VPOS="2643" WIDTH="109" HEIGHT="24" CONTENT="more" WC="0.99" CC="0020"/>
						<SP ID="P22_SP00566" HPOS="2731" VPOS="2669" WIDTH="14"/>
						<String ID="P22_ST00663" HPOS="2745" VPOS="2630" WIDTH="85" HEIGHT="36" CONTENT="trial" WC="0.99" CC="30005"/>
						<SP ID="P22_SP00567" HPOS="2830" VPOS="2669" WIDTH="16"/>
						<String ID="P22_ST00664" HPOS="2846" VPOS="2628" WIDTH="80" HEIGHT="36" CONTENT="and" WC="1.00" CC="000"/>
						<SP ID="P22_SP00568" HPOS="2926" VPOS="2669" WIDTH="14"/>
						<String ID="P22_ST00665" HPOS="2940" VPOS="2627" WIDTH="129" HEIGHT="36" CONTENT="result." WC="1.00" CC="0004040"/>
					</TextLine>
					<TextLine ID="P22_TL00099" HPOS="2272" VPOS="2682" WIDTH="851" HEIGHT="54">
						<String ID="P22_ST00666" HPOS="2272" VPOS="2691" WIDTH="50" HEIGHT="44" CONTENT="Q." WC="0.96" CC="00" STYLEREFS="TXT_4"/>
						<SP ID="P22_SP00569" HPOS="2323" VPOS="2735" WIDTH="20"/>
						<String ID="P22_ST00667" HPOS="2343" VPOS="2690" WIDTH="74" HEIGHT="35" CONTENT="Are" WC="0.96" CC="920" STYLEREFS="TXT_4"/>
						<SP ID="P22_SP00570" HPOS="2417" VPOS="2735" WIDTH="20"/>
						<String ID="P22_ST00668" HPOS="2438" VPOS="2698" WIDTH="107" HEIGHT="27" CONTENT="more" WC="1.00" CC="0000" STYLEREFS="TXT_4"/>
						<SP ID="P22_SP00571" HPOS="2545" VPOS="2735" WIDTH="19"/>
						<String ID="P22_ST00669" HPOS="2564" VPOS="2685" WIDTH="76" HEIGHT="38" CONTENT="and" WC="0.98" CC="040" STYLEREFS="TXT_4"/>
						<SP ID="P22_SP00572" HPOS="2639" VPOS="2735" WIDTH="22"/>
						<String ID="P22_ST00670" HPOS="2661" VPOS="2696" WIDTH="109" HEIGHT="25" CONTENT="more" WC="0.98" CC="0560" STYLEREFS="TXT_4"/>
						<SP ID="P22_SP00573" HPOS="2770" VPOS="2735" WIDTH="19"/>
						<String ID="P22_ST00671" HPOS="2789" VPOS="2683" WIDTH="178" HEIGHT="38" CONTENT="students" WC="0.99" CC="00300541" STYLEREFS="TXT_4"/>
						<SP ID="P22_SP00574" HPOS="2967" VPOS="2735" WIDTH="19"/>
						<String ID="P22_ST00672" HPOS="2986" VPOS="2682" WIDTH="115" HEIGHT="50" CONTENT="going" WC="1.00" CC="00000" STYLEREFS="TXT_4"/>
						<SP ID="P22_SP00575" HPOS="3101" VPOS="2735" WIDTH="19"/>
						<String ID="P22_ST00673" HPOS="3120" VPOS="2682" WIDTH="3" HEIGHT="54" CONTENT="i" WC="1.00" CC="0" STYLEREFS="TXT_4"/>
					</TextLine>
					<TextLine ID="P22_TL00100" HPOS="2274" VPOS="2737" WIDTH="849" HEIGHT="57">
						<String ID="P22_ST00674" HPOS="2274" VPOS="2750" WIDTH="200" HEIGHT="44" CONTENT="computer" WC="1.00" CC="00080000" STYLEREFS="TXT_4"/>
						<SP ID="P22_SP00576" HPOS="2474" VPOS="2794" WIDTH="13"/>
						<String ID="P22_ST00675" HPOS="2487" VPOS="2745" WIDTH="172" HEIGHT="36" CONTENT="science?" WC="1.00" CC="00002000" STYLEREFS="TXT_4"/>
						<SP ID="P22_SP00577" HPOS="2658" VPOS="2794" WIDTH="17"/>
						<String ID="P22_ST00676" HPOS="2676" VPOS="2746" WIDTH="28" HEIGHT="33" CONTENT="It" WC="0.60" CC="42" STYLEREFS="TXT_4"/>
						<SP ID="P22_SP00578" HPOS="2704" VPOS="2794" WIDTH="14"/>
						<String ID="P22_ST00677" HPOS="2718" VPOS="2742" WIDTH="113" HEIGHT="49" CONTENT="really" WC="1.00" CC="000000" STYLEREFS="TXT_4"/>
						<SP ID="P22_SP00579" HPOS="2831" VPOS="2794" WIDTH="11"/>
						<String ID="P22_ST00678" HPOS="2843" VPOS="2753" WIDTH="128" HEIGHT="25" CONTENT="seems" WC="0.99" CC="50000" STYLEREFS="TXT_4"/>
						<SP ID="P22_SP00580" HPOS="2970" VPOS="2794" WIDTH="11"/>
						<String ID="P22_ST00679" HPOS="2981" VPOS="2739" WIDTH="71" HEIGHT="38" CONTENT="like" WC="1.00" CC="0000" STYLEREFS="TXT_4"/>
						<SP ID="P22_SP00581" HPOS="3052" VPOS="2794" WIDTH="13"/>
						<String ID="P22_ST00680" HPOS="3065" VPOS="2737" WIDTH="58" HEIGHT="39" CONTENT="the" WC="0.95" CC="255" STYLEREFS="TXT_4"/>
					</TextLine>
					<TextLine ID="P22_TL00101" HPOS="2274" VPOS="2794" WIDTH="849" HEIGHT="57">
						<String ID="P22_ST00681" HPOS="2274" VPOS="2814" WIDTH="20" HEIGHT="25" CONTENT="a" WC="1.00" CC="0" STYLEREFS="TXT_4"/>
						<SP ID="P22_SP00582" HPOS="2294" VPOS="2839" WIDTH="16"/>
						<String ID="P22_ST00682" HPOS="2310" VPOS="2798" WIDTH="243" HEIGHT="52" CONTENT="perceptible" WC="1.00" CC="00400003530" STYLEREFS="TXT_4"/>
						<SP ID="P22_SP00583" HPOS="2553" VPOS="2850" WIDTH="14"/>
						<String ID="P22_ST00683" HPOS="2567" VPOS="2800" WIDTH="176" HEIGHT="36" CONTENT="increase" WC="0.99" CC="10052050" STYLEREFS="TXT_4"/>
						<SP ID="P22_SP00584" HPOS="2743" VPOS="2850" WIDTH="14"/>
						<String ID="P22_ST00684" HPOS="2757" VPOS="2798" WIDTH="36" HEIGHT="36" CONTENT="in" WC="1.00" CC="00" STYLEREFS="TXT_4"/>
						<SP ID="P22_SP00585" HPOS="2794" VPOS="2850" WIDTH="14"/>
						<String ID="P22_ST00685" HPOS="2808" VPOS="2808" WIDTH="222" HEIGHT="27" CONTENT="awareness" WC="0.99" CC="000007053" STYLEREFS="TXT_4"/>
						<SP ID="P22_SP00586" HPOS="3030" VPOS="2850" WIDTH="13"/>
						<String ID="P22_ST00686" HPOS="3043" VPOS="2794" WIDTH="43" HEIGHT="39" CONTENT="of" WC="1.00" CC="00" STYLEREFS="TXT_4"/>
						<SP ID="P22_SP00587" HPOS="3085" VPOS="2850" WIDTH="11"/>
						<String ID="P22_ST00687" HPOS="3096" VPOS="2806" WIDTH="27" HEIGHT="27" CONTENT="o" WC="0.26" CC="7" STYLEREFS="TXT_4"/>
					</TextLine>
					<TextLine ID="P22_TL00102" HPOS="2274" VPOS="2852" WIDTH="849" HEIGHT="57">
						<String ID="P22_ST00688" HPOS="2274" VPOS="2863" WIDTH="113" HEIGHT="46" CONTENT="puter" WC="0.83" CC="01600" STYLEREFS="TXT_4"/>
						<SP ID="P22_SP00588" HPOS="2387" VPOS="2909" WIDTH="20"/>
						<String ID="P22_ST00689" HPOS="2408" VPOS="2858" WIDTH="157" HEIGHT="36" CONTENT="science" WC="0.99" CC="5000600" STYLEREFS="TXT_4"/>
						<SP ID="P22_SP00589" HPOS="2565" VPOS="2909" WIDTH="19"/>
						<String ID="P22_ST00690" HPOS="2584" VPOS="2855" WIDTH="77" HEIGHT="39" CONTENT="and" WC="0.98" CC="050" STYLEREFS="TXT_4"/>
						<SP ID="P22_SP00590" HPOS="2661" VPOS="2909" WIDTH="22"/>
						<String ID="P22_ST00691" HPOS="2683" VPOS="2860" WIDTH="206" HEIGHT="44" CONTENT="computer" WC="0.99" CC="05060600" STYLEREFS="TXT_4"/>
						<SP ID="P22_SP00591" HPOS="2890" VPOS="2909" WIDTH="20"/>
						<String ID="P22_ST00692" HPOS="2910" VPOS="2852" WIDTH="213" HEIGHT="50" CONTENT="technolog" WC="0.99" CC="100463067" STYLEREFS="TXT_4"/>
					</TextLine>
					<TextLine ID="P22_TL00103" HPOS="2276" VPOS="2913" WIDTH="176" HEIGHT="50">
						<String ID="P22_ST00693" HPOS="2276" VPOS="2913" WIDTH="176" HEIGHT="50" CONTENT="general?" WC="1.00" CC="02600000" STYLEREFS="TXT_4"/>
					</TextLine>
				</TextBlock>
				<TextBlock ID="P22_TB00012" HPOS="2285" VPOS="3534" WIDTH="837" HEIGHT="446" language="en" STYLEREFS="TXT_5 PAR_BLOCK">
					<TextLine ID="P22_TL00104" HPOS="2285" VPOS="3535" WIDTH="836" HEIGHT="51">
						<String ID="P22_ST00694" HPOS="2285" VPOS="3540" WIDTH="46" HEIGHT="35" CONTENT="A." WC="1.00" CC="00"/>
						<SP ID="P22_SP00592" HPOS="2331" VPOS="3575" WIDTH="14"/>
						<String ID="P22_ST00695" HPOS="2345" VPOS="3539" WIDTH="58" HEIGHT="38" CONTENT="CS" WC="0.81" CC="30"/>
						<SP ID="P22_SP00593" HPOS="2403" VPOS="3576" WIDTH="11"/>
						<String ID="P22_ST00696" HPOS="2414" VPOS="3537" WIDTH="254" HEIGHT="38" CONTENT="enrollments" WC="0.99" CC="07306000750"/>
						<SP ID="P22_SP00594" HPOS="2668" VPOS="3576" WIDTH="13"/>
						<String ID="P22_ST00697" HPOS="2680" VPOS="3548" WIDTH="104" HEIGHT="25" CONTENT="were" WC="1.00" CC="0000"/>
						<SP ID="P22_SP00595" HPOS="2784" VPOS="3576" WIDTH="11"/>
						<String ID="P22_ST00698" HPOS="2795" VPOS="3537" WIDTH="157" HEIGHT="49" CONTENT="highest" WC="0.99" CC="0504014"/>
						<SP ID="P22_SP00596" HPOS="2953" VPOS="3586" WIDTH="11"/>
						<String ID="P22_ST00699" HPOS="2964" VPOS="3537" WIDTH="41" HEIGHT="35" CONTENT="in" WC="1.00" CC="00"/>
						<SP ID="P22_SP00597" HPOS="3005" VPOS="3586" WIDTH="11"/>
						<String ID="P22_ST00700" HPOS="3016" VPOS="3535" WIDTH="65" HEIGHT="36" CONTENT="the" WC="0.98" CC="400"/>
						<SP ID="P22_SP00598" HPOS="3080" VPOS="3586" WIDTH="11"/>
						<String ID="P22_ST00701" HPOS="3091" VPOS="3546" WIDTH="30" HEIGHT="24" CONTENT="e;" WC="0.60" CC="07"/>
					</TextLine>
					<TextLine ID="P22_TL00105" HPOS="2287" VPOS="3591" WIDTH="835" HEIGHT="52">
						<String ID="P22_ST00702" HPOS="2287" VPOS="3595" WIDTH="85" HEIGHT="36" CONTENT="mid" WC="0.99" CC="010"/>
						<SP ID="P22_SP00599" HPOS="2372" VPOS="3631" WIDTH="25"/>
						<String ID="P22_ST00703" HPOS="2397" VPOS="3595" WIDTH="85" HEIGHT="36" CONTENT="1980" WC="0.93" CC="3000"/>
						<SP ID="P22_SP00600" HPOS="2482" VPOS="3631" WIDTH="0"/>
						<String ID="P22_ST00704" HPOS="2482" VPOS="3595" WIDTH="43" HEIGHT="36" CONTENT="s." WC="0.93" CC="00"/>
						<SP ID="P22_SP00601" HPOS="2524" VPOS="3631" WIDTH="25"/>
						<String ID="P22_ST00705" HPOS="2550" VPOS="3594" WIDTH="148" HEIGHT="49" CONTENT="People" WC="0.99" CC="600020"/>
						<SP ID="P22_SP00602" HPOS="2698" VPOS="3643" WIDTH="22"/>
						<String ID="P22_ST00706" HPOS="2720" VPOS="3592" WIDTH="172" HEIGHT="50" CONTENT="camped" WC="1.00" CC="100000"/>
						<SP ID="P22_SP00603" HPOS="2891" VPOS="3643" WIDTH="24"/>
						<String ID="P22_ST00707" HPOS="2915" VPOS="3597" WIDTH="72" HEIGHT="30" CONTENT="out" WC="0.99" CC="200"/>
						<SP ID="P22_SP00604" HPOS="2987" VPOS="3643" WIDTH="22"/>
						<String ID="P22_ST00708" HPOS="3009" VPOS="3592" WIDTH="39" HEIGHT="33" CONTENT="in" WC="0.64" CC="06"/>
						<SP ID="P22_SP00605" HPOS="3049" VPOS="3643" WIDTH="24"/>
						<String ID="P22_ST00709" HPOS="3072" VPOS="3591" WIDTH="49" HEIGHT="35" CONTENT="lin" WC="0.59" CC="506"/>
					</TextLine>
					<TextLine ID="P22_TL00106" HPOS="2287" VPOS="3647" WIDTH="835" HEIGHT="54">
						<String ID="P22_ST00710" HPOS="2287" VPOS="3652" WIDTH="180" HEIGHT="49" CONTENT="sleeping" WC="0.99" CC="03000470"/>
						<SP ID="P22_SP00606" HPOS="2466" VPOS="3701" WIDTH="8"/>
						<String ID="P22_ST00711" HPOS="2474" VPOS="3650" WIDTH="98" HEIGHT="49" CONTENT="bags" WC="1.00" CC="0000"/>
						<SP ID="P22_SP00607" HPOS="2572" VPOS="3701" WIDTH="13"/>
						<String ID="P22_ST00712" HPOS="2584" VPOS="3652" WIDTH="41" HEIGHT="33" CONTENT="in" WC="1.00" CC="00"/>
						<SP ID="P22_SP00608" HPOS="2625" VPOS="3701" WIDTH="11"/>
						<String ID="P22_ST00713" HPOS="2636" VPOS="3650" WIDTH="117" HEIGHT="35" CONTENT="order" WC="1.00" CC="10001"/>
						<SP ID="P22_SP00609" HPOS="2753" VPOS="3701" WIDTH="9"/>
						<String ID="P22_ST00714" HPOS="2762" VPOS="3655" WIDTH="41" HEIGHT="30" CONTENT="to" WC="0.82" CC="03"/>
						<SP ID="P22_SP00610" HPOS="2803" VPOS="3701" WIDTH="11"/>
						<String ID="P22_ST00715" HPOS="2814" VPOS="3650" WIDTH="88" HEIGHT="47" CONTENT="sign" WC="0.98" CC="3070"/>
						<SP ID="P22_SP00611" HPOS="2902" VPOS="3701" WIDTH="13"/>
						<String ID="P22_ST00716" HPOS="2915" VPOS="3660" WIDTH="55" HEIGHT="38" CONTENT="up" WC="0.84" CC="30"/>
						<SP ID="P22_SP00612" HPOS="2970" VPOS="3701" WIDTH="13"/>
						<String ID="P22_ST00717" HPOS="2983" VPOS="3647" WIDTH="58" HEIGHT="36" CONTENT="for" WC="0.98" CC="510"/>
						<SP ID="P22_SP00613" HPOS="3041" VPOS="3701" WIDTH="13"/>
						<String ID="P22_ST00718" HPOS="3054" VPOS="3660" WIDTH="68" HEIGHT="36" CONTENT="spo" WC="0.81" CC="005"/>
					</TextLine>
					<TextLine ID="P22_TL00107" HPOS="2287" VPOS="3702" WIDTH="828" HEIGHT="48">
						<String ID="P22_ST00719" HPOS="2287" VPOS="3709" WIDTH="115" HEIGHT="41" CONTENT="CSII," WC="0.68" CC="00744"/>
						<SP ID="P22_SP00614" HPOS="2402" VPOS="3750" WIDTH="11"/>
						<String ID="P22_ST00720" HPOS="2413" VPOS="3707" WIDTH="132" HEIGHT="36" CONTENT="which" WC="0.99" CC="05102"/>
						<SP ID="P22_SP00615" HPOS="2545" VPOS="3750" WIDTH="9"/>
						<String ID="P22_ST00721" HPOS="2554" VPOS="3709" WIDTH="33" HEIGHT="33" CONTENT="is" WC="0.94" CC="10"/>
						<SP ID="P22_SP00616" HPOS="2587" VPOS="3750" WIDTH="11"/>
						<String ID="P22_ST00722" HPOS="2598" VPOS="3718" WIDTH="91" HEIGHT="24" CONTENT="now" WC="0.96" CC="720"/>
						<SP ID="P22_SP00617" HPOS="2690" VPOS="3750" WIDTH="13"/>
						<String ID="P22_ST00723" HPOS="2702" VPOS="3706" WIDTH="115" HEIGHT="36" CONTENT="CSIS." WC="0.90" CC="00400"/>
						<SP ID="P22_SP00618" HPOS="2817" VPOS="3750" WIDTH="14"/>
						<String ID="P22_ST00724" HPOS="2831" VPOS="3706" WIDTH="61" HEIGHT="35" CONTENT="It's" WC="1.00" CC="0200"/>
						<SP ID="P22_SP00619" HPOS="2893" VPOS="3750" WIDTH="13"/>
						<String ID="P22_ST00725" HPOS="2906" VPOS="3702" WIDTH="209" HEIGHT="38" CONTENT="decreased" WC="1.00" CC="000400200"/>
					</TextLine>
					<TextLine ID="P22_TL00108" HPOS="2288" VPOS="3761" WIDTH="833" HEIGHT="52">
						<String ID="P22_ST00726" HPOS="2288" VPOS="3764" WIDTH="203" HEIGHT="49" CONTENT="siderably." WC="0.94" CC="0400100000"/>
						<SP ID="P22_SP00620" HPOS="2491" VPOS="3813" WIDTH="22"/>
						<String ID="P22_ST00727" HPOS="2513" VPOS="3764" WIDTH="186" HEIGHT="35" CONTENT="Students" WC="0.99" CC="00600540"/>
						<SP ID="P22_SP00621" HPOS="2699" VPOS="3813" WIDTH="20"/>
						<String ID="P22_ST00728" HPOS="2720" VPOS="3762" WIDTH="77" HEIGHT="36" CONTENT="still" WC="0.99" CC="01002"/>
						<SP ID="P22_SP00622" HPOS="2797" VPOS="3813" WIDTH="19"/>
						<String ID="P22_ST00729" HPOS="2816" VPOS="3761" WIDTH="140" HEIGHT="38" CONTENT="switch" WC="1.00" CC="000400"/>
						<SP ID="P22_SP00623" HPOS="2956" VPOS="3813" WIDTH="22"/>
						<String ID="P22_ST00730" HPOS="2978" VPOS="3773" WIDTH="93" HEIGHT="25" CONTENT="over" WC="1.00" CC="0000"/>
						<SP ID="P22_SP00624" HPOS="3071" VPOS="3813" WIDTH="20"/>
						<String ID="P22_ST00731" HPOS="3091" VPOS="3764" WIDTH="30" HEIGHT="33" CONTENT="tc" WC="0.80" CC="40"/>
					</TextLine>
					<TextLine ID="P22_TL00109" HPOS="2288" VPOS="3816" WIDTH="833" HEIGHT="52">
						<String ID="P22_ST00732" HPOS="2288" VPOS="3820" WIDTH="58" HEIGHT="36" CONTENT="CS" WC="0.81" CC="30"/>
						<SP ID="P22_SP00625" HPOS="2346" VPOS="3857" WIDTH="17"/>
						<String ID="P22_ST00733" HPOS="2364" VPOS="3820" WIDTH="123" HEIGHT="47" CONTENT="major" WC="0.98" CC="00542"/>
						<SP ID="P22_SP00626" HPOS="2487" VPOS="3868" WIDTH="16"/>
						<String ID="P22_ST00734" HPOS="2502" VPOS="3820" WIDTH="110" HEIGHT="47" CONTENT="quite" WC="0.98" CC="46230"/>
						<SP ID="P22_SP00627" HPOS="2613" VPOS="3868" WIDTH="16"/>
						<String ID="P22_ST00735" HPOS="2628" VPOS="3830" WIDTH="20" HEIGHT="24" CONTENT="a" WC="1.00" CC="0"/>
						<SP ID="P22_SP00628" HPOS="2649" VPOS="3868" WIDTH="19"/>
						<String ID="P22_ST00736" HPOS="2668" VPOS="3817" WIDTH="65" HEIGHT="43" CONTENT="lot," WC="0.98" CC="0132"/>
						<SP ID="P22_SP00629" HPOS="2732" VPOS="3868" WIDTH="19"/>
						<String ID="P22_ST00737" HPOS="2751" VPOS="3817" WIDTH="79" HEIGHT="36" CONTENT="and" WC="0.98" CC="130"/>
						<SP ID="P22_SP00630" HPOS="2830" VPOS="3868" WIDTH="19"/>
						<String ID="P22_ST00738" HPOS="2849" VPOS="3817" WIDTH="61" HEIGHT="36" CONTENT="it's" WC="1.00" CC="0000"/>
						<SP ID="P22_SP00631" HPOS="2910" VPOS="3868" WIDTH="16"/>
						<String ID="P22_ST00739" HPOS="2926" VPOS="3817" WIDTH="167" HEIGHT="36" CONTENT="because" WC="1.00" CC="0000300"/>
						<SP ID="P22_SP00632" HPOS="3093" VPOS="3868" WIDTH="17"/>
						<String ID="P22_ST00740" HPOS="3110" VPOS="3816" WIDTH="11" HEIGHT="35" CONTENT="C" WC="0.24" CC="7"/>
					</TextLine>
					<TextLine ID="P22_TL00110" HPOS="2291" VPOS="3874" WIDTH="831" HEIGHT="52">
						<String ID="P22_ST00741" HPOS="2291" VPOS="3877" WIDTH="118" HEIGHT="49" CONTENT="really" WC="1.00" CC="002010"/>
						<SP ID="P22_SP00633" HPOS="2409" VPOS="3926" WIDTH="19"/>
						<String ID="P22_ST00742" HPOS="2428" VPOS="3877" WIDTH="169" HEIGHT="47" CONTENT="exciting" WC="0.99" CC="00203050"/>
						<SP ID="P22_SP00634" HPOS="2597" VPOS="3926" WIDTH="85"/>
						<String ID="P22_ST00743" HPOS="2682" VPOS="3876" WIDTH="79" HEIGHT="36" CONTENT="and" WC="1.00" CC="000"/>
						<SP ID="P22_SP00635" HPOS="2761" VPOS="3926" WIDTH="20"/>
						<String ID="P22_ST00744" HPOS="2781" VPOS="3874" WIDTH="120" HEIGHT="49" CONTENT="really" WC="1.00" CC="000000"/>
						<SP ID="P22_SP00636" HPOS="2901" VPOS="3926" WIDTH="19"/>
						<String ID="P22_ST00745" HPOS="2920" VPOS="3874" WIDTH="202" HEIGHT="36" CONTENT="seductive" WC="1.00" CC="000502000"/>
					</TextLine>
					<TextLine ID="P22_TL00111" HPOS="2291" VPOS="3931" WIDTH="831" HEIGHT="49">
						<String ID="P22_ST00746" HPOS="2291" VPOS="3934" WIDTH="77" HEIGHT="36" CONTENT="like" WC="0.99" CC="4000"/>
						<SP ID="P22_SP00637" HPOS="2369" VPOS="3970" WIDTH="19"/>
						<String ID="P22_ST00747" HPOS="2387" VPOS="3932" WIDTH="126" HEIGHT="47" CONTENT="doing" WC="1.00" CC="00000"/>
						<SP ID="P22_SP00638" HPOS="2513" VPOS="3980" WIDTH="20"/>
						<String ID="P22_ST00748" HPOS="2534" VPOS="3943" WIDTH="20" HEIGHT="25" CONTENT="a" WC="1.00" CC="0"/>
						<SP ID="P22_SP00639" HPOS="2554" VPOS="3980" WIDTH="22"/>
						<String ID="P22_ST00749" HPOS="2576" VPOS="3931" WIDTH="96" HEIGHT="36" CONTENT="kind" WC="0.99" CC="0060"/>
						<SP ID="P22_SP00640" HPOS="2672" VPOS="3980" WIDTH="22"/>
						<String ID="P22_ST00750" HPOS="2694" VPOS="3931" WIDTH="43" HEIGHT="36" CONTENT="of" WC="0.87" CC="02"/>
						<SP ID="P22_SP00641" HPOS="2737" VPOS="3980" WIDTH="19"/>
						<String ID="P22_ST00751" HPOS="2756" VPOS="3932" WIDTH="258" HEIGHT="47" CONTENT="engineering" WC="1.00" CC="00000000000"/>
						<SP ID="P22_SP00642" HPOS="3014" VPOS="3980" WIDTH="19"/>
						<String ID="P22_ST00752" HPOS="3033" VPOS="3940" WIDTH="44" HEIGHT="25" CONTENT="or" WC="0.92" CC="10"/>
						<SP ID="P22_SP00643" HPOS="3077" VPOS="3980" WIDTH="20"/>
						<String ID="P22_ST00753" HPOS="3098" VPOS="3940" WIDTH="24" HEIGHT="24" CONTENT="a:" WC="0.67" CC="06"/>
					</TextLine>
				</TextBlock>
				<TextBlock ID="P22_TB00013" HPOS="1839" VPOS="3043" WIDTH="1283" HEIGHT="365" language="en" STYLEREFS="TXT_4 PAR_LEFT">
					<TextLine ID="P22_TL00112" HPOS="1839" VPOS="3079" WIDTH="602" HEIGHT="47">
						<String ID="P22_ST00754" HPOS="1839" VPOS="3079" WIDTH="2" HEIGHT="47" CONTENT="." WC="1.00" CC="0"/>
						<SP ID="P22_SP00644" HPOS="1841" VPOS="3126" WIDTH="16"/>
						<String ID="P22_ST00755" HPOS="1857" VPOS="3082" WIDTH="98" HEIGHT="39" CONTENT="First" WC="0.98" CC="40701"/>
						<SP ID="P22_SP00645" HPOS="1954" VPOS="3126" WIDTH="16"/>
						<String ID="P22_ST00756" HPOS="1970" VPOS="3083" WIDTH="104" HEIGHT="36" CONTENT="Year" WC="0.96" CC="6706"/>
						<SP ID="P22_SP00646" HPOS="2074" VPOS="3126" WIDTH="16"/>
						<String ID="P22_ST00757" HPOS="2090" VPOS="3083" WIDTH="46" HEIGHT="36" CONTENT="at" WC="0.67" CC="14"/>
						<SP ID="P22_SP00647" HPOS="2135" VPOS="3126" WIDTH="19"/>
						<String ID="P22_ST00758" HPOS="2154" VPOS="3082" WIDTH="157" HEIGHT="36" CONTENT="Brown:" WC="0.99" CC="070401"/>
						<SP ID="P22_SP00648" HPOS="2312" VPOS="3126" WIDTH="24"/>
						<String ID="P22_ST00759" HPOS="2335" VPOS="3079" WIDTH="106" HEIGHT="39" CONTENT="1991" WC="0.77" CC="2006"/>
					</TextLine>
					<TextLine ID="P22_TL00113" HPOS="1858" VPOS="3140" WIDTH="964" HEIGHT="51">
						<String ID="P22_ST00760" HPOS="1858" VPOS="3146" WIDTH="252" HEIGHT="39" CONTENT="Education:" WC="1.00" CC="2003100003"/>
						<SP ID="P22_SP00649" HPOS="2110" VPOS="3186" WIDTH="20"/>
						<String ID="P22_ST00761" HPOS="2131" VPOS="3143" WIDTH="197" HEIGHT="39" CONTENT="Stanford" WC="1.00" CC="00000040" STYLEREFS="TXT_6"/>
						<SP ID="P22_SP00650" HPOS="2328" VPOS="3186" WIDTH="22"/>
						<String ID="P22_ST00762" HPOS="2350" VPOS="3143" WIDTH="219" HEIGHT="46" CONTENT="University" WC="1.00" CC="0000700008" STYLEREFS="TXT_6"/>
						<SP ID="P22_SP00651" HPOS="2569" VPOS="3189" WIDTH="19"/>
						<String ID="P22_ST00763" HPOS="2587" VPOS="3142" WIDTH="93" HEIGHT="49" CONTENT="(BA," WC="0.98" CC="1070" STYLEREFS="TXT_6"/>
						<SP ID="P22_SP00652" HPOS="2680" VPOS="3191" WIDTH="20"/>
						<String ID="P22_ST00764" HPOS="2701" VPOS="3140" WIDTH="121" HEIGHT="46" CONTENT="PhD)." WC="0.99" CC="00310" STYLEREFS="TXT_6"/>
					</TextLine>
					<TextLine ID="P22_TL00114" HPOS="1857" VPOS="3203" WIDTH="1265" HEIGHT="52">
						<String ID="P22_ST00765" HPOS="1857" VPOS="3211" WIDTH="146" HEIGHT="39" CONTENT="Works" WC="0.99" CC="60000"/>
						<SP ID="P22_SP00653" HPOS="2003" VPOS="3250" WIDTH="19"/>
						<String ID="P22_ST00766" HPOS="2022" VPOS="3209" WIDTH="191" HEIGHT="39" CONTENT="Include:" WC="0.99" CC="50044070"/>
						<SP ID="P22_SP00654" HPOS="2213" VPOS="3250" WIDTH="22"/>
						<String ID="P22_ST00767" HPOS="2235" VPOS="3208" WIDTH="198" HEIGHT="47" CONTENT="Learnins" WC="0.57" CC="46720408" STYLEREFS="TXT_7"/>
						<SP ID="P22_SP00655" HPOS="2433" VPOS="3255" WIDTH="16"/>
						<String ID="P22_ST00768" HPOS="2449" VPOS="3208" WIDTH="38" HEIGHT="38" CONTENT="in" WC="1.00" CC="00" STYLEREFS="TXT_7"/>
						<SP ID="P22_SP00656" HPOS="2487" VPOS="3255" WIDTH="20"/>
						<String ID="P22_ST00769" HPOS="2507" VPOS="3206" WIDTH="261" HEIGHT="38" CONTENT="Embedded" WC="0.99" CC="00160060" STYLEREFS="TXT_7"/>
						<SP ID="P22_SP00657" HPOS="2769" VPOS="3255" WIDTH="14"/>
						<String ID="P22_ST00770" HPOS="2783" VPOS="3206" WIDTH="183" HEIGHT="44" CONTENT="Systems" WC="1.00" CC="0100000" STYLEREFS="TXT_7"/>
						<SP ID="P22_SP00658" HPOS="2965" VPOS="3255" WIDTH="16"/>
						<String ID="P22_ST00771" HPOS="2981" VPOS="3203" WIDTH="140" HEIGHT="46" CONTENT="(1993;" WC="0.83" CC="200007"/>
					</TextLine>
					<TextLine ID="P22_TL00115" HPOS="1860" VPOS="3268" WIDTH="950" HEIGHT="54">
						<String ID="P22_ST00772" HPOS="1860" VPOS="3277" WIDTH="184" HEIGHT="38" CONTENT="Courses" WC="0.99" CC="0210061"/>
						<SP ID="P22_SP00659" HPOS="2044" VPOS="3315" WIDTH="19"/>
						<String ID="P22_ST00773" HPOS="2063" VPOS="3274" WIDTH="157" HEIGHT="47" CONTENT="taught" WC="0.99" CC="000600"/>
						<SP ID="P22_SP00660" HPOS="2220" VPOS="3321" WIDTH="19"/>
						<String ID="P22_ST00774" HPOS="2239" VPOS="3272" WIDTH="194" HEIGHT="39" CONTENT="1995-96" WC="1.00" CC="0000000"/>
						<SP ID="P22_SP00661" HPOS="2433" VPOS="3321" WIDTH="19"/>
						<String ID="P22_ST00775" HPOS="2452" VPOS="3268" WIDTH="227" HEIGHT="43" CONTENT="academic" WC="0.99" CC="04206002"/>
						<SP ID="P22_SP00662" HPOS="2679" VPOS="3321" WIDTH="16"/>
						<String ID="P22_ST00776" HPOS="2694" VPOS="3279" WIDTH="115" HEIGHT="39" CONTENT="year:" WC="0.99" CC="00205"/>
					</TextLine>
					<TextLine ID="P22_TL00116" HPOS="1863" VPOS="3339" WIDTH="358" HEIGHT="49">
						<String ID="P22_ST00777" HPOS="1863" VPOS="3342" WIDTH="87" HEIGHT="46" CONTENT="(On" WC="1.00" CC="000" STYLEREFS="TXT_6"/>
						<SP ID="P22_SP00663" HPOS="1950" VPOS="3387" WIDTH="19"/>
						<String ID="P22_ST00778" HPOS="1969" VPOS="3339" WIDTH="252" HEIGHT="46" CONTENT="sabbatical)" WC="1.00" CC="00510213300" STYLEREFS="TXT_6"/>
					</TextLine>
				</TextBlock>
				<TextBlock ID="P22_TB00014" HPOS="2109" VPOS="2186" WIDTH="290" HEIGHT="63" language="en" STYLEREFS="TXT_8 PAR_RIGHT">
					<TextLine ID="P22_TL00117" HPOS="2137" VPOS="2203" WIDTH="227" HEIGHT="29">
						<String ID="P22_ST00779" HPOS="2137" VPOS="2205" WIDTH="90" HEIGHT="27" CONTENT="ROSS" WC="0.99" CC="5000"/>
						<SP ID="P22_SP00664" HPOS="2227" VPOS="2231" WIDTH="16"/>
						<String ID="P22_ST00780" HPOS="2243" VPOS="2203" WIDTH="121" HEIGHT="27" CONTENT="KRIBBS" WC="0.56" CC="094550"/>
					</TextLine>
				</TextBlock>
				<TextBlock ID="P22_TB00015" HPOS="1735" VPOS="3987" WIDTH="128" HEIGHT="94" language="en" STYLEREFS="TXT_9 PAR_RIGHT">
					<TextLine ID="P22_TL00118" HPOS="1735" VPOS="3987" WIDTH="128" HEIGHT="94">
						<String ID="P22_ST00781" HPOS="1735" VPOS="3987" WIDTH="128" HEIGHT="94" CONTENT="20" WC="1.00" CC="00"/>
					</TextLine>
				</TextBlock>
				<ComposedBlock ID="P22_CB00001" HPOS="254" VPOS="688" WIDTH="2107" HEIGHT="1529" STYLEREFS="TXT_10 PAR_LEFT" TYPE="Illustration">
					<GraphicalElement ID="P22_CB00001_SUB" HPOS="254" VPOS="688" WIDTH="2107" HEIGHT="1529"/>
				</ComposedBlock>
			</PrintSpace>
		</Page>
	</Layout>
</alto>
