3126 4141
65 63 329 54 TEACHING
422 63 79 52 AT
526 61 261 55 BROWN:
820 61 304 54 FEATURES

50 197 1104 236 Surveying
1213 197 357 192 the
1635 197 518 192 Field

46 466 198 55 Never
265 480 36 41 a
318 465 244 57 winner
583 466 65 55 in
669 463 106 58 the
797 461 236 60 annual
1055 465 132 57 U.S.
1214 466 181 54 News
1417 463 246 76 College
1685 465 236 74 Survey,
1945 468 222 54 Brown
2187 483 181 38 came
2392 476 113 47 out
2526 485 66 38 as
2613 471 76 52 #2
2709 468 189 57 when

46 553 106 58 the
172 556 331 72 magazine
524 554 216 57 issued
761 554 106 57 the
888 553 220 58 results
1134 553 69 58 of
1217 556 74 55 its
1315 554 324 74 inaugural
1660 554 293 76 teaching
1973 573 228 57 survey.
2217 556 186 58 What
2422 567 117 65 put
2561 559 376 57 Dartmouth

47 644 124 58 and
194 647 220 55 Brown
438 655 61 47 at
518 644 107 58 the
647 654 126 66 top,
797 644 277 58 Harvard
1093 644 239 58 further
1354 644 200 68 down,
1581 644 124 58 and
1726 644 145 60 how
1891 646 154 58 does
2069 665 123 39 one
2214 647 187 74 grade
2424 649 310 76 teaching,

47 739 283 72 anyway?
351 739 153 55 Tom
524 739 260 55 Benson
805 735 296 74 explores.

50 836 153 161 u

203 838 3 57 r
224 846 44 36 ,S.
287 846 109 36 News
413 846 38 36 &
466 844 121 38 World
603 844 159 50 Report's
778 844 148 36 annual
940 844 195 36 America's
1153 846 77 36 Best
1249 846 157 49 Colleges
1425 849 31 33 is-

222 913 71 25 sue
310 902 139 36 stands
466 902 129 49 today,
613 902 61 36 for
688 902 124 36 better
830 913 44 25 or
891 902 60 36 for
967 913 140 31 worse,
1126 913 43 25 as
1187 904 63 35 the
1269 904 202 35 definitive

222 959 112 36 work
353 959 209 36 dedicated
581 965 39 30 to
639 959 165 49 ranking
822 959 205 36 hundreds
1046 959 41 36 of
1102 959 169 49 colleges
1291 959 77 36 and
1387 962 83 33 uni-

44 1017 176 35 versifies
238 1014 244 49 throughout
499 1016 66 36 the
583 1016 143 36 United
745 1016 134 36 States.
899 1016 140 36 Brown
1057 1016 69 36 has
1145 1016 140 49 slowly
1301 1016 169 36 climbed

46 1072 39 35 in
99 1071 65 36 the
180 1072 146 35 overall
343 1072 176 49 ranking,
537 1072 186 49 claiming
737 1072 65 35 the
817 1072 113 35 ninth
945 1077 91 44 spot
1050 1072 41 35 in
1107 1072 65 35 the
1187 1072 93 35 1996
1298 1074 115 33 issue.
1430 1072 43 35 In

46 1128 63 36 the
131 1129 241 47 magazine's
394 1129 209 49 inaugural
624 1129 187 49 rankings
831 1129 43 36 of
893 1129 66 36 the
980 1132 68 46 top
1069 1129 157 36 schools
1249 1129 60 36 for
1329 1129 118 38 under-

44 1186 191 49 graduate
252 1186 194 49 teaching,
465 1186 194 43 however,
679 1186 139 36 Brown
835 1191 115 31 starts
969 1186 101 49 right
1087 1191 39 30 at
1143 1186 65 35 the
1227 1191 79 46 top,
1324 1186 145 36 second

44 1241 93 50 only
153 1246 41 33 to
208 1243 69 49 Ivy
293 1243 156 49 League
465 1243 98 38 rival
578 1244 238 36 Dartmouth
830 1243 172 49 College.
1020 1243 192 44 Harvard,
1230 1244 241 49 perennially

46 1302 36 31 at
98 1298 65 38 the
178 1304 69 44 top
263 1298 44 36 of
318 1298 68 38 the
400 1299 150 36 overall
565 1299 178 50 ranking,
759 1299 246 50 plummeted
1024 1304 39 31 to
1079 1299 257 36 seventeenth
1351 1302 39 33 in
1406 1299 65 36 the

44 1356 206 49 standings
265 1356 175 38 devoted
455 1361 39 33 to
509 1357 192 49 teaching.

101 1413 44 35 In
156 1413 162 50 ranking
329 1413 66 36 the
405 1413 165 43 schools,
584 1413 231 36 researchers
830 1419 58 44 try
899 1419 39 30 to
950 1413 161 50 analyze
1121 1425 117 38 every
1249 1414 96 36 facet
1357 1414 41 36 of
1408 1414 63 36 the

46 1471 225 41 institution,
288 1469 159 50 looking
463 1474 38 33 at
517 1471 236 49 percentiles,
770 1472 124 41 ratios,
913 1476 109 38 rates,
1039 1471 77 36 and
1135 1471 123 36 ranks.
1277 1472 69 35 For
1361 1472 110 35 those

44 1529 39 35 in
91 1528 65 36 the
165 1528 145 36 market
321 1528 57 36 for
387 1528 135 50 higher
532 1528 213 44 education,

44 1584 65 36 the
128 1584 80 38 U.S.
228 1584 107 38 News
370 1584 143 50 special
532 1587 104 35 issue
654 1598 93 36 goes

43 1641 159 49 beyond
222 1643 211 35 Scholastic
452 1643 194 49 Aptitude
665 1643 82 35 Test

44 1710 126 25 scores
186 1704 41 31 to
241 1698 98 38 offer
354 1699 186 49 rankings
556 1712 52 24 on
624 1699 102 36 finan-

44 1754 71 36 cial
137 1767 211 31 resources,
370 1756 200 36 academic
592 1761 132 46 reputa-

44 1814 91 39 tion,
153 1811 77 38 and
247 1813 148 36 alumni
411 1813 246 36 satisfaction.
676 1814 69 35 But

44 1869 189 35 nowhere
255 1871 39 33 in
317 1869 66 35 the
405 1869 170 50 original
595 1869 150 36 overall

44 1937 143 38 survey
202 1926 71 36 has
290 1926 178 50 teaching
483 1926 148 50 quality
647 1928 99 36 been

46 1983 98 35 used
162 1994 43 25 as
224 1994 22 25 a
265 1984 148 35 criteria
433 1983 60 36 for
512 1983 231 36 evaluation.

44 2039 77 38 The
140 2044 162 33 amount
321 2039 43 38 of
381 2052 145 38 money
545 2044 113 46 spent
677 2052 69 38 per

44 2094 157 38 student
213 2096 134 38 makes
359 2096 65 36 the
436 2096 112 44 table,
559 2096 71 38 but
643 2096 104 38 there

44 2156 31 35 is
94 2165 54 25 no
167 2153 222 38 evaluation
409 2154 43 36 of
469 2154 176 36 whether
665 2154 80 36 that

44 2222 143 27 money
200 2209 71 36 has
282 2209 101 38 been
395 2216 72 33 put
482 2216 41 31 to
535 2211 106 38 good
657 2224 79 24 use.

101 2268 66 36 No
176 2268 222 36 evaluation
409 2269 98 35 until
518 2280 98 24 now.
630 2269 41 35 In
682 2269 63 35 the

46 2324 91 36 1996
153 2326 243 35 incarnation
413 2324 44 38 of
469 2328 49 35 its
534 2324 148 50 college
696 2328 33 35 is-

43 2392 82 33 sue,
137 2383 80 35 U.S.
230 2383 107 36 News
348 2386 184 46 attempts
543 2387 39 31 to
594 2387 79 31 rate
682 2383 63 36 the

44 2438 183 49 teaching
247 2443 38 33 at
306 2438 98 38 each
424 2438 44 38 of
487 2439 66 36 the
575 2439 170 49 colleges

44 2494 77 38 and
135 2496 247 36 universities
395 2498 30 35 it
438 2496 211 36 evaluates.
665 2496 79 36 Mel

43 2551 110 44 Elfin,
162 2551 66 38 the
238 2553 143 49 special
392 2554 139 36 issue's
542 2554 203 36 Executive

44 2608 135 44 Editor,
191 2608 202 38 discussed
405 2609 96 36 with
510 2609 187 50 Teaching
707 2616 38 31 at

44 2665 145 38 Brown
213 2666 112 36 what
346 2666 69 36 the
439 2666 148 38 results
613 2679 110 38 repre-

43 2721 150 38 sented.

180 2791 209 27 measures
411 2781 113 36 what
548 2781 66 36 the
638 2781 106 36 folks

43 2847 80 38 you
134 2835 126 52 might
269 2836 72 36 call
353 2836 66 36 the
430 2843 154 44 experts
594 2838 151 36 believe

43 2891 43 36 of
91 2891 66 38 the
167 2894 236 35 institutions
413 2893 82 38 that
502 2899 241 31 concentrate

43 2948 146 50 faculty
203 2961 54 25 on
268 2948 110 38 what
389 2962 65 24 we
465 2950 156 38 believe
633 2953 31 35 is
679 2951 66 36 the

43 3009 107 33 most
170 3008 222 47 important
414 3006 104 36 facet
539 3008 46 35 of
603 3008 142 49 higher

306 3063 99 36 Elfin
420 3063 220 50 explained.

101 3120 80 36 The
411 3121 39 35 in
465 3121 77 35 this
553 3132 90 25 case
655 3132 66 25 con-

43 3176 69 35 sist
128 3175 44 38 of
187 3175 106 38 three
310 3176 317 38 administrators
644 3178 101 36 from

43 3231 99 38 each
164 3235 244 35 institution:
431 3233 69 36 the
523 3235 220 49 president,

43 3287 104 38 chief
162 3288 200 38 academic
380 3290 145 43 officer,
543 3291 80 36 and
643 3291 102 36 dean

43 3345 43 36 of
99 3345 250 38 admissions.
367 3346 104 36 Each
487 3346 293 36 administrator
795 3348 120 35 voted
932 3348 58 35 for
1006 3348 66 35 the
1088 3353 66 31 ten
1170 3350 241 36 institutions
1427 3351 39 33 in

43 3400 61 36 his
113 3413 46 24 or
169 3400 69 38 her
247 3408 183 44 category
443 3402 76 46 (for
531 3403 150 43 Brown,
691 3405 173 36 national
876 3405 230 47 university)
1118 3405 129 36 which
1258 3406 206 49 displayed

43 3455 66 38 the
126 3461 167 44 greatest
310 3460 277 35 commitment
605 3465 41 30 to
663 3460 318 49 undergraduate
1000 3460 191 50 teaching.
1209 3461 55 36 As
1283 3474 20 24 a
1324 3461 140 43 whole,

44 3512 65 38 the
123 3513 69 50 Ivy
205 3513 156 50 League
375 3513 80 38 had
469 3515 134 36 mixed
619 3528 153 25 success
787 3518 39 35 in
841 3517 66 36 the
920 3520 137 46 rating.
1072 3518 80 36 The
1167 3521 121 33 entire
1301 3520 165 36 Ancient

43 3567 115 52 Eight
165 3581 83 25 was
261 3583 148 36 among
420 3570 65 38 the
498 3575 69 46 top
580 3573 46 35 13
636 3572 154 36 schools
803 3573 39 35 in
854 3573 65 35 the
929 3573 145 36 overall
1088 3573 186 50 rankings
1285 3573 58 38 for

43 3625 186 36 National
561 3628 71 36 but
650 3628 222 43 Columbia,
891 3628 169 43 Cornell,
1082 3631 79 35 and
1180 3631 285 47 Pennsylvania

43 3691 104 27 were
164 3680 50 38 all
233 3682 183 38 invisible
431 3687 43 33 in
491 3683 66 38 the
576 3685 180 49 teaching
773 3685 74 43 list,
865 3687 118 35 while
1003 3687 203 35 Princeton
1225 3691 36 31 at
1280 3687 88 36 fifth
1387 3687 77 36 and

43 3737 88 38 Yale
143 3743 39 31 at
197 3739 110 36 tenth
320 3751 112 25 came
444 3740 183 36 between
641 3742 140 36 Brown
795 3742 79 36 and
890 3743 191 36 Harvard.

101 3794 172 38 Because
285 3797 28 35 it
326 3808 85 25 was
425 3808 22 25 a
461 3808 146 38 survey
622 3797 128 38 rather
761 3798 96 36 than
871 3809 20 25 a
907 3798 288 36 mathematical
1209 3800 176 49 ranking,
1402 3800 61 36 the

43 3850 181 50 teaching
239 3863 146 38 survey
402 3852 142 38 results
557 3866 106 24 were
677 3860 69 30 not
762 3855 272 49 incorporated
1054 3857 39 35 in
1109 3855 66 36 the
1191 3857 145 36 overall
1354 3857 88 36 rank-

43 3907 79 49 ing,
140 3906 72 38 but
230 3907 102 36 Elfin
353 3909 208 49 explained
583 3910 65 36 the
665 3910 167 49 validity
849 3912 44 35 of
910 3912 66 36 the
995 3912 181 49 teaching
1195 3913 165 47 ranking
1381 3924 41 25 as
1444 3926 19 24 a

1539 846 254 49 supplement
1805 852 39 30 to
1860 847 65 36 the
1939 847 145 36 overall
2099 850 261 46 comparison.
2447 861 80 36 you
2543 861 61 25 are
2620 852 39 35 in
2674 850 65 36 the
2753 863 156 36 process
2923 852 41 35 of

1539 904 157 49 picking
1709 915 49 24 an
1770 906 228 41 institution,
2013 904 77 36 and
2101 917 80 38 you
2194 910 107 31 want
2312 910 41 31 to
2364 906 118 36 know
2494 907 109 36 what
2613 907 66 36 the
2690 913 151 43 experts
2854 909 109 36 think

1540 962 30 33 is
1589 959 123 49 doing
1731 961 65 35 the
1811 961 85 36 best
1912 961 65 49 job
1995 964 41 33 in
2055 961 63 36 the
2135 961 227 44 classroom,
2383 964 76 36 this
2479 965 31 35 is
2529 975 76 25 one
2865 965 99 35 Elfin

1537 1017 137 49 began.

1701 1074 150 36 believe
1866 1074 109 36 three
1989 1074 143 49 things.
2150 1076 98 36 One:
2268 1076 79 46 [the
2364 1077 180 49 ranking]
2564 1079 31 35 is
2611 1082 87 44 part
2712 1077 43 36 of
2770 1090 19 24 a
2805 1090 156 38 process

1539 1131 41 35 of
1594 1131 189 50 choosing
1795 1143 20 24 a
1831 1131 157 50 college.
2005 1132 101 36 Two:
2123 1134 28 35 it
2164 1134 31 35 is
2211 1145 49 24 an
2274 1134 206 49 imperfect
2494 1134 197 38 indicator.
2707 1135 132 36 Three:
2855 1139 27 33 it
2894 1139 31 35 is
2942 1148 19 25 a

1540 1187 124 36 useful
1676 1187 194 43 indicator,
1882 1189 137 36 drawn
2030 1189 99 36 from
2137 1189 214 50 judgment.
2365 1191 191 50 Deciding
2565 1191 106 36 what
2682 1194 30 33 is
2723 1192 104 49 good
2839 1192 102 36 teach-

1539 1247 66 47 ing
1620 1246 30 35 is
1665 1244 77 36 still
1757 1250 68 31 not
1839 1258 20 24 a

1597 1302 265 36 Dartmouth's
1874 1304 107 35 Dean
1994 1304 43 35 of
2044 1304 65 35 the
2118 1304 156 49 Faculty
2282 1304 124 44 James
2419 1306 146 49 Wright
2576 1306 139 50 agreed
2726 1306 96 36 with
2831 1306 129 38 Elfin's

1539 1364 247 38 assessment,
1797 1359 79 36 and
1888 1372 82 25 was
1983 1359 161 49 pleased
2156 1361 98 36 with
2265 1361 65 38 the
2343 1362 139 38 results
2494 1362 43 38 of
2546 1362 66 38 the
2622 1364 176 49 ranking,
2811 1364 151 50 though

1537 1416 50 36 he
1602 1416 82 36 also
1699 1417 250 35 commented
1965 1428 52 24 on
2033 1417 47 35 its
2094 1417 306 49 imperfections.

1597 1472 143 36 "We're
1753 1476 39 33 in
1805 1472 106 49 good
1926 1487 197 36 company
2135 1479 38 31 at
2186 1474 65 38 the
2265 1479 68 44 top
2346 1476 43 36 of
2400 1477 65 36 the
2589 1477 148 46 Wright
2750 1477 96 36 said.

2276 1532 187 50 viously,
2543 1534 71 36 it's
2693 1534 134 36 based
2907 1548 55 24 on

2277 1591 263 49 reputational
2559 1591 142 50 things,
2721 1591 79 38 and
2819 1592 13 35 I
2852 1592 110 36 think

2276 1658 195 38 everyone
2482 1647 71 38 has
2562 1650 198 46 questions
2770 1649 120 38 about
2899 1649 63 38 the

2277 1704 293 50 methodology.
2584 1706 13 35 I
2609 1704 110 38 think
2732 1706 65 36 the
2809 1712 131 44 reputa-

2276 1762 90 35 tion
2387 1761 76 38 has
2487 1762 106 36 been
2616 1762 165 38 earned.
2806 1764 14 36 I
2846 1764 117 36 think

2277 1817 258 36 Dartmouth
2561 1820 33 35 is
2620 1831 52 24 an
2696 1820 265 49 exceptional

2276 1876 205 49 teaching
2512 1876 165 44 school,
2710 1877 85 36 and
2827 1877 13 36 I
2872 1888 88 25 was

2276 1931 164 50 pleased
2460 1939 41 30 to
2520 1945 66 25 see
2605 1934 142 49 people
2767 1934 170 38 acknowl-

2276 1989 102 46 edge

2335 2046 220 38 Lawrence
2581 2047 126 43 Buell,
2734 2049 227 36 Harvard's

2276 2104 112 35 Dean
2408 2104 41 35 of
2468 2104 328 49 Undergraduate
2814 2104 123 36 Educa-

2274 2162 82 33 tion
2365 2161 77 36 and
2454 2173 50 24 an
2513 2161 153 49 English
2676 2161 198 44 Professor,
2882 2162 77 36 had

2274 2217 148 35 similar
2435 2219 200 47 questions
2649 2217 118 36 about
2780 2217 65 38 the
2857 2231 79 24 com-

2274 2274 162 49 pilation
2446 2276 44 36 of
2498 2276 63 36 the
2572 2276 172 49 ranking,
2753 2276 69 38 but
2831 2277 50 36 he
2891 2277 68 36 did

2274 2335 69 31 not
2353 2334 178 47 question
2542 2331 63 38 the
2614 2332 145 36 results.
2772 2332 83 36 "It's
2865 2332 94 38 hard

2274 2392 43 33 to
2339 2400 72 38 say
2431 2389 94 36 how
2550 2391 109 35 valid
2682 2402 79 38 any
2781 2391 44 36 of
2846 2391 115 36 those

2274 2444 187 50 rankings
2482 2458 63 24 are
2562 2446 167 38 because
2751 2446 145 50 they're
2917 2460 44 25 so

2680 2504 110 36 Buell
2813 2504 145 50 began.

2420 2559 54 38 do
2490 2565 194 44 represent
2699 2561 63 38 the
2776 2564 123 35 views

2274 2617 181 36 whether
2476 2617 198 36 informed
2698 2630 44 25 or
2761 2624 69 31 not
2918 2619 43 38 of

2274 2674 142 49 people
2430 2677 39 33 in
2483 2674 65 38 the
2561 2674 227 50 profession.

2411 2731 71 36 did
2504 2737 69 31 not
2595 2734 175 49 surprise
2791 2745 66 25 me
2876 2732 85 38 that

2274 2787 206 38 Princeton
2501 2789 77 36 and
2602 2791 140 35 Brown
2761 2800 110 25 came
2890 2795 71 30 out

2274 2843 139 50 higher
2422 2844 94 36 than
2753 2847 106 36 Buell
2871 2860 66 24 con-

2274 2901 150 36 tinued.
2567 2904 220 46 reputation
2805 2904 43 35 of
2863 2904 98 35 both

2274 2956 44 36 of
2337 2956 113 38 those
2472 2961 243 33 institutions
2735 2957 60 38 for
2817 2959 118 38 under-

2274 3014 197 47 graduate
2491 3016 184 49 teaching
2698 3017 31 35 is
2751 3016 186 36 well-war-

2274 3071 150 36 ranted.
2439 3072 57 36 As
2510 3071 60 38 far
2584 3083 41 25 as
2639 3072 216 36 Harvard's
2869 3085 68 25 con-

2274 3128 156 44 cerned,
2446 3129 65 36 the
2524 3129 151 36 trouble
2690 3129 98 36 with
2800 3129 65 36 the
2879 3131 80 49 poll

2274 3186 33 35 is
2326 3184 61 36 it's
2406 3187 121 47 going
2546 3191 41 31 to
2605 3186 49 36 be
2669 3186 123 38 based
2811 3198 54 24 on
2882 3186 58 38 dis-

2274 3244 83 33 tant
2369 3243 79 35 and
2457 3243 195 35 historical

2335 3298 104 36 Buell
2450 3299 205 46 explained
2666 3299 80 36 that
2754 3299 131 38 before
2896 3301 65 36 the

1534 3362 145 38 survey
1696 3362 109 25 came
1822 3356 82 38 out,
1924 3353 181 36 Harvard
2123 3353 80 36 had
2222 3354 101 36 been
2342 3356 162 49 making
2523 3367 49 24 an
2591 3356 115 36 effort
2723 3361 39 31 to
2780 3357 181 49 improve

1535 3408 318 49 undergraduate
1866 3408 194 50 teaching,
2076 3408 79 38 and
2170 3409 82 36 that
2266 3409 68 38 the
2346 3411 117 36 effort
2476 3413 139 36 would
2630 3416 194 35 continue.

1707 3476 88 38 way
1809 3465 65 36 the
1885 3468 165 46 moving
2065 3469 123 46 target
2198 3466 112 38 looks
2326 3469 30 35 is
2370 3468 82 36 that
2465 3469 181 49 teaching
2657 3471 31 33 is
2702 3469 258 50 increasingly

1534 3531 20 25 a
1569 3521 167 47 priority.
1753 3521 27 35 It
1794 3521 148 49 always
1954 3521 71 36 has
2038 3521 101 36 been
2153 3521 104 38 done
2268 3523 126 38 better
2406 3524 94 36 than
2513 3526 65 36 the
2592 3528 271 47 stereotypical
2876 3539 63 38 rep-

1534 3578 236 35 resentation
1783 3576 44 36 of
1918 3578 106 36 Buell
2039 3578 220 49 explained,
2276 3581 154 49 though
2443 3581 50 36 he
2509 3583 209 35 cautioned
2732 3584 151 47 against
2899 3595 41 24 ex-

1534 3635 156 46 pecting
1702 3644 20 25 a
1737 3635 143 35 radical
1893 3635 153 49 change
2057 3641 39 30 at
2107 3636 194 36 Harvard.
2365 3638 112 36 don't
2490 3643 107 31 want
2609 3643 39 33 to
2661 3639 115 36 make
2787 3643 28 33 it
2827 3641 132 36 sound

1534 3701 41 24 as
1587 3688 30 36 if
1627 3701 74 30 we,
1712 3702 44 22 or
1769 3702 79 36 any
1857 3690 113 38 other
1981 3694 224 46 university,
2219 3693 117 38 that's
2346 3694 183 50 working
2542 3694 126 36 under
2680 3694 65 36 the
2756 3696 205 38 condition

1534 3746 41 35 of
1587 3745 148 50 having
1751 3757 19 25 a
1787 3746 104 49 large
1907 3748 192 49 graduate
2113 3761 197 38 program,
2326 3764 65 24 are
2406 3751 120 36 about
2543 3756 39 33 to
2597 3756 107 33 enter
2718 3754 146 47 Utopia
2880 3754 77 36 and

1534 3802 209 36 transform
1761 3802 236 38 themselves
2013 3806 83 35 into
2112 3805 66 36 the
2194 3806 227 49 equivalent
2435 3808 44 35 of
2491 3808 134 36 liberal
2643 3813 76 31 arts
2735 3808 167 50 colleges
2918 3811 41 35 in

1534 3863 117 31 terms
1666 3860 43 35 of
1721 3860 91 35 how
1830 3860 120 36 much
1962 3860 44 36 of
2020 3860 145 50 faculty
2181 3865 189 35 attention
2386 3866 33 35 is
2433 3868 120 46 given
2567 3869 39 33 to

830 1617 208 80 U.S.
1063 1617 277 80 News
1372 1619 77 79 &
1468 1613 318 87 World
1813 1619 361 106 Report

1028 1791 310 55 America's
1365 1794 129 54 Best
1518 1792 269 68 Colleges
1816 1794 159 55 1996

852 1972 180 57 BEST
1057 1934 383 94 NATIONAL

893 2063 502 58 UNIVERSITIES

868 2269 57 57 1.
950 2269 252 57 Harvard

865 2353 408 94 2jgrJnceton

863 2452 60 57 3.
943 2452 140 57 Yale

865 2545 57 55 4*
948 2542 291 60 Stanford

865 2635 55 55 5.
943 2636 99 55 M.l
1065 2638 41 52 T

865 2729 54 54 6.
946 2726 172 57 Duke

865 2817 57 55 7.
948 2817 247 57 Caltech

946 2907 357 57 Dartmouth

863 3000 60 58 9.
946 2997 276 61 BROWN

866 3094 98 58 10.
987 3094 192 58 Johns
1205 3094 277 71 Hopkins

1557 1948 151 58 TOP
1735 1950 381 58 NATIONAL

1539 2039 501 58 UNIVERSITIES

1639 2131 391 58 TEACHING

1553 2271 55 55 1.
1635 2266 354 63 Dartmouth
2115 2282 22 49 \

1521 2345 87 118 Jt.
1633 2362 274 71 brown

1551 2460 47 55 3,
1622 2458 217 58 William
1857 2460 115 57 and
1986 2463 151 68 Mary

1569 2594 8 13 ,
1644 2550 126 58 Tice

1546 2643 60 55 5.
1633 2641 321 58 Princeton

1548 2735 57 54 6.
1631 2734 290 57 Stanford

1550 2825 57 54 7.
1633 2825 172 55 Duke

1548 2915 57 54 8.
1630 2913 192 57 Miami
1847 2917 76 55 of
1943 2915 165 57 Ohio

1546 3005 60 55 9*
1631 3005 194 57 Notre
1850 3005 187 58 Dame
2052 3000 8 8 '
2087 3002 11 27 ;

1551 3096 96 57 10.
1668 3093 203 66 Yale#

1466 3983 68 76 1

2343 3935 99 38 TUrn
2461 3939 52 36 to
2532 3937 181 38 SURVEY
2728 3946 60 30 on
2806 3939 113 47 Page
2937 3939 25 39 3
