3126 4141
16 1939 49 36 To
85 1939 94 36 each
203 1939 118 47 other,
343 1940 94 39 both
460 1943 156 39 teacher
638 1946 72 36 and
732 1946 173 39 students
926 1961 102 27 were
1049 1950 47 38 all
1118 1951 43 38 of
1178 1965 22 25 a
1222 1953 145 39 sudden

2 1994 124 57 ;aking
140 2008 47 25 an
205 1995 99 39 alien
323 1997 198 54 language.

11 2052 159 52 Exactly.
194 2055 63 36 It's
276 2055 77 38 like
373 2057 83 38 that
474 2060 69 35 Far
561 2060 82 36 Side
663 2066 170 38 cartoon,
1013 2065 66 38 the
1101 2066 79 50 dog
1200 2069 167 49 actually

106 2110 124 38 When
244 2112 65 36 the
321 2113 83 50 dog
416 2126 137 27 owner
564 2129 90 36 says
669 2118 142 38 "Don't
822 2120 54 36 do
890 2121 80 35 that
984 2124 117 47 again
1113 2123 157 52 Ginger!
1287 2126 79 36 Bad

2 2167 20 63 g
41 2167 157 50 Ginger!
220 2170 98 49 Very
335 2172 77 36 bad
436 2173 90 49 dog.
761 2176 65 36 the
846 2176 80 50 dog
943 2180 96 49 only
1058 2184 224 46 recognizes
1301 2183 65 38 the

150 2231 88 43 part
252 2227 79 36 and
346 2227 65 38 the
427 2235 76 30 rest
517 2231 151 36 sounds
683 2233 76 36 like
773 2244 205 27 nonsense.
998 2236 71 36 But
1083 2238 14 35 I
1110 2239 137 36 would
1265 2239 101 38 have

2 2280 61 60 ifer
83 2280 151 38 known
257 2283 123 38 about
403 2287 65 35 the
491 2288 400 52 misunderstanding
915 2291 28 36 if
964 2294 30 35 it
1014 2296 164 35 weren't
1203 2296 60 36 for
1283 2296 79 38 five

2 2342 90 58 nute
106 2350 187 38 response
307 2353 156 38 papers.
479 2345 13 33 I
507 2356 110 25 came
631 2348 82 35 into
728 2346 98 36 class
839 2348 66 35 the
918 2354 93 30 next
1025 2350 79 50 day
1118 2353 77 35 and
1213 2354 96 41 said,

2 2395 3 57 i
17 2405 46 25 so
266 2398 79 35 and
361 2409 63 25 we
438 2400 151 36 cleared
605 2402 131 50 things
753 2416 63 36 up.

6 2450 49 35 So
69 2449 66 38 the
151 2450 154 38 student
323 2452 68 38 has
406 2466 47 24 an
472 2455 123 38 active
614 2457 79 38 role
712 2458 33 36 in
762 2458 65 38 the
844 2460 109 36 class.

2 2506 79 66 Yes.
101 2507 107 38 Once
225 2510 14 35 I
257 2521 82 25 was
357 2512 181 50 teaching
554 2513 277 46 Wordsworth,
850 2518 79 36 and
948 2521 27 33 it
992 2531 82 25 was
1091 2523 121 49 going
1230 2526 106 33 swim-

2 2562 91 60 ngly.
109 2564 28 36 It
150 2576 82 24 was
247 2565 76 36 like
335 2567 128 50 today,
474 2570 77 47 just
564 2583 20 24 a
597 2570 191 38 beautiful
802 2573 77 49 day
891 2580 80 38 out,
987 2575 65 36 the
1065 2578 180 38 students
1257 2592 104 25 were

5 2619 117 50 iling,
148 2622 30 35 it
203 2635 87 24 was
317 2635 20 24 a
362 2630 118 43 great
506 2627 90 49 day,
622 2628 83 36 and
732 2630 11 35 I
770 2643 87 24 was
882 2631 247 52 explaining
1153 2635 99 50 why
1276 2636 83 38 this

2 2676 202 55 irdsworth
219 2690 121 38 poem
357 2693 83 24 was
460 2682 131 49 funny.
613 2685 69 36 But
701 2685 106 36 there
822 2699 83 24 was
924 2687 77 38 this
1020 2688 198 39 freshman
1236 2694 39 35 in
1293 2693 66 38 the

2 2735 47 65 nt,
63 2735 145 47 raising
219 2735 71 36 her
301 2737 120 38 hand.
436 2739 11 36 I
463 2739 128 38 didn't
603 2748 107 30 want
723 2748 38 30 to
775 2743 71 36 call
857 2756 52 24 on
923 2745 69 36 her
1005 2751 38 31 at
1057 2746 93 44 first,
1162 2748 14 35 I
1189 2748 170 52 thought

2 2789 46 63 :'d
65 2795 65 44 get
145 2803 47 24 us
209 2792 58 35 off
283 2794 117 36 track.
420 2795 71 36 But
509 2797 66 36 the
592 2798 161 36 student
770 2800 91 49 kept
877 2805 162 47 waving
1057 2803 68 36 her
1142 2817 94 31 arm,
1254 2806 104 38 bless

17 2846 120 44 heart,
153 2849 79 36 and
249 2850 69 36 she
335 2852 121 36 asked
474 2852 66 38 the
554 2854 85 38 best
655 2860 183 44 question
852 2858 77 36 I've
945 2869 93 27 ever
1052 2861 120 36 heard
1191 2861 101 38 from
1307 2877 49 24 an

2 2902 261 63 iergraduate.
279 2906 76 38 She
370 2909 96 43 said,
553 2923 80 36 you
647 2924 102 24 were
764 2918 69 31 not
847 2926 49 24 an
912 2915 161 50 English
1087 2918 161 44 teacher,
1263 2920 91 36 how

2 2959 68 61 uld
83 2973 82 36 you
180 2962 120 38 know
315 2965 65 35 the
395 2978 120 36 poem
528 2980 85 24 was
809 2972 55 36 As
882 2983 19 25 a
918 2984 156 36 person,
1090 2975 11 35 I
1117 2975 79 36 had
1211 2981 39 31 to
1265 2989 68 25 con-

2 3017 36 54 er
49 3017 93 35 how
154 3019 14 35 I
239 3025 69 30 not
321 3033 41 24 as
378 3035 49 24 an
439 3024 161 47 English
613 3027 151 35 teacher
833 3028 120 36 could
967 3030 244 38 understand
1225 3033 85 36 this.
1326 3035 28 35 It

2 3074 13 61 s
28 3074 98 36 such
139 3087 50 24 an
203 3079 184 49 amazing
402 3082 194 46 question,
609 3082 167 38 because
789 3087 27 33 it
830 3083 143 50 helped
989 3091 65 44 get
1066 3099 65 24 me
1143 3090 157 36 outside
1315 3091 41 36 of

2 3140 41 25 se
46 3129 87 36 lf—
143 3143 47 24 ar|
195 3131 27 36 d
235 3143 65 25 see
310 3134 85 36 that
405 3148 74 30 we,
491 3137 161 38 student
665 3139 77 36 and
754 3140 161 43 teacher,
926 3143 156 36 needed
1096 3148 39 33 to
1148 3145 124 49 figure
1283 3153 69 30 out

5 3198 156 38 nguage
178 3191 183 46 together.

3 3243 8 35 I
35 3241 137 38 looked
192 3249 38 31 at
247 3255 22 25 a
290 3244 167 49 syllabus
474 3247 61 38 for
553 3261 94 35 your
668 3252 250 50 Dramaturgy
937 3252 110 39 class.
1069 3258 110 36 Items
1200 3258 151 38 include

3 3298 74 61 ting
90 3298 120 39 fables
222 3301 58 38 for
291 3313 49 25 an
354 3304 206 49 imaginary
575 3306 227 49 production
816 3309 41 36 of
874 3309 71 38 The
961 3312 175 36 Winter's
1150 3313 90 46 Tale,
1252 3315 80 38 writ-

5 3365 22 25 a
41 3353 209 52 biography
265 3356 43 38 of
318 3356 65 39 the
397 3357 236 52 playwright,
647 3362 76 38 and
737 3365 113 49 going
865 3376 49 25 on
926 3376 22 25 a
962 3378 209 39 scavenger
1187 3369 91 39 hunt
1291 3370 60 39 for

3 3420 43 38 ps
58 3409 74 38 and
146 3424 161 38 scenery
381 3416 47 36 all
444 3416 162 39 difficult
622 3417 65 39 but
701 3419 65 38 fun
780 3422 198 38 activities.
994 3424 145 38 What's
1151 3427 66 36 fun
1231 3427 118 39 about

3 3465 104 57 ching
121 3468 74 36 and
214 3468 191 54 learning?

5 3528 13 31 t
33 3535 19 24 s
65 3524 71 36 fun
150 3531 39 31 to
202 3529 131 35 watch
343 3531 146 49 people
502 3531 117 36 learn.
633 3534 82 36 You
728 3534 106 36 learn
847 3540 66 33 too
987 3539 77 36 and
1080 3539 115 38 that's
1208 3542 140 38 what's

5 3580 41 49 ly
57 3580 80 38 fun.
151 3583 244 44 Sometimes,
409 3587 135 47 you're
557 3591 38 33 in
608 3600 20 25 a
641 3589 109 44 class,
762 3592 77 35 and
854 3603 80 36 you
945 3594 151 43 realize,
1109 3597 110 47 gosh,
1231 3600 117 35 we're

3 3636 99 68 aams
118 3636 101 38 here.
236 3641 72 35 But
323 3643 61 35 it's
398 3643 72 36 fun
485 3649 41 30 to
540 3649 60 44 try
613 3658 90 24 new
718 3647 107 36 ideas
839 3654 69 31 out
923 3650 79 36 and
1017 3663 65 24 see
1096 3652 30 35 if
1139 3652 132 50 they'll
1287 3655 58 49 fly.

3 3694 39 61 >o
60 3694 135 35 Brown
213 3694 30 36 is
258 3706 22 25 a
299 3696 112 47 place
428 3699 205 49 especially
649 3701 214 38 conducive
880 3709 41 31 to
939 3704 170 52 learning
1126 3707 72 38 and
1217 3710 109 36 teach-

3 3805 154 58 lecause
173 3817 63 27 we
252 3808 102 38 have
370 3809 131 52 bright
518 3813 79 36 and
616 3817 222 46 aggressive
854 3817 181 38 students
1052 3833 52 24 on
1121 3822 66 36 the
1203 3824 118 36 under-

3 3861 110 68 rate
132 3861 110 44 level,
261 3869 200 47 engaging
480 3869 202 50 top-flight
701 3871 181 44 scholars,
901 3874 91 38 here
1013 3888 107 25 more
1139 3879 94 36 than
1252 3891 69 38 any-

3 3917 61 60 ire,
79 3917 142 38 there's
235 3931 20 25 a
271 3924 274 36 commitment
561 3931 39 30 to
614 3928 318 49 undergraduate
945 3931 222 38 education.

13 1482 31 83 It
55 1490 132 66 gets
211 1485 195 72 tough
430 1487 183 57 when
627 1491 213 71 you're
860 1493 208 72 trying
1083 1502 63 47 to
1167 1494 85 57 do
1274 1504 101 50 too

13 1565 148 87 tuch.
180 1569 129 55 But
318 1586 129 57 you
468 1570 191 58 know
679 1573 104 57 the
803 1575 109 57 old
929 1578 239 74 saying,

13 1650 2 80 r
16 1650 302 72 ou'vegot
335 1661 63 47 to
419 1652 83 58 do
526 1655 178 58 what
712 1676 128 55 you
865 1660 310 58 teach.'So
1198 1661 98 58 the-

13 1734 79 74 ter
106 1734 228 74 people
351 1735 238 58 should
606 1739 85 57 do
715 1739 249 61 theater.
978 1745 148 55 And
1146 1745 145 58 that

13 1817 164 77 leans
195 1817 348 77 late-night

1049 1438 91 25 KATIE
1165 1438 209 28 KRAUSKOPF

1457 422 265 55 PROFILE:
1748 425 271 57 WILLIAM
2047 428 233 72 KEACH,
2310 435 276 57 ENGLISH

1454 537 403 118 Turning
1894 542 384 93 Passive
2317 548 444 96 Learners

1452 666 200 90 Into
1683 669 339 93 Active
2060 676 606 120 Participants

1452 825 106 157 F

1557 825 50 44 •or
1624 835 197 38 Professor
1835 836 43 36 of
1891 838 159 49 English
2066 841 169 38 William
2249 844 142 43 Keach,
2408 858 22 24 a
2446 846 99 38 class
2561 850 33 35 is
2669 850 197 38 collective

1567 894 211 44 enterprise
1792 894 39 35 in
1844 894 129 36 which
1987 907 60 24 we
2061 909 63 24 are
2135 901 161 47 putting
2309 913 72 24 our
2394 902 124 36 heads
2532 906 176 49 together
2720 918 43 25 as
2776 909 90 36 read

1567 957 58 25 ers
1643 951 39 31 to
1699 948 151 38 discuss
1868 953 176 36 interests
2061 956 39 33 in
2356 959 102 35 With
2474 959 79 38 this
2569 964 102 35 view
2688 965 39 33 in
2743 965 123 36 mind,

1447 1002 129 36 Keach
1587 1002 219 52 frequently
1820 1006 159 38 finishes
1994 1009 60 35 his
2066 1009 164 38 lectures
2243 1011 134 39 before
2387 1014 66 38 the
2465 1016 88 44 bell,
2567 1017 79 36 and
2657 1017 139 39 allows
2806 1020 60 38 his

1447 1058 178 38 students
1639 1065 38 31 to
1690 1061 146 50 openly
1847 1063 153 38 discuss
2013 1065 66 38 the
2091 1069 184 35 material.
2291 1069 128 38 While
2430 1071 79 38 this
2521 1074 208 50 technique
2742 1077 124 49 might

1446 1120 68 30 not
1526 1128 110 24 come
1647 1129 43 24 as
1702 1131 20 22 a
1735 1121 173 46 surprise
1920 1121 41 35 in
1972 1134 20 22 a
2005 1123 113 35 small
2131 1135 178 33 seminar,
2324 1128 131 38 Keach
2465 1131 268 39 incorporates
2745 1135 27 33 it
2784 1135 80 35 into

1446 1172 61 36 his
1532 1173 143 36 British
1701 1175 219 38 Literature
1943 1178 44 36 of

1446 1227 63 36 the
1518 1228 200 39 Romantic
1728 1231 135 38 Period
1874 1235 107 43 class,

1444 1288 224 49 averaging
1691 1288 47 35 50
1762 1294 41 30 to
1827 1290 47 36 60
1899 1296 82 31 stu-

1444 1342 124 43 dents,
1587 1356 43 24 as
1647 1345 88 36 well
1756 1357 41 25 as
1816 1346 60 36 his
1896 1348 63 35 Sur-

1441 1411 77 38 vey
1535 1400 43 35 of
1595 1400 157 50 English
1772 1403 208 39 Literature

1441 1455 110 44 class,
1573 1461 213 47 averaging
1805 1461 47 35 30
1874 1466 39 31 to
1934 1463 46 35 40

1441 1513 189 36 students.

1658 1572 104 38 both
1787 1575 46 35 of
1857 1575 121 38 those

1439 1627 151 38 classes
1616 1630 14 35 I
1654 1635 63 44 try
1740 1635 39 31 to
1805 1631 106 38 have
1934 1644 44 25 as

1439 1685 128 35 much
1598 1685 249 38 discussion
1880 1701 44 24 as
1956 1702 20 24 a

1439 1751 126 39 group
1589 1742 83 36 that
1693 1743 106 49 large
1820 1746 82 35 will
1924 1746 35 36 al-

1575 1798 134 36 Keach
1731 1811 104 38 says.
1921 1802 55 38 do

1438 1858 68 30 not
1521 1854 74 36 like
1614 1855 63 36 the
1694 1869 109 25 more
1819 1861 157 46 passive

1436 1910 389 43 retailer/consumer
1841 1915 134 38 model

1436 1967 43 36 of
1501 1969 66 36 the
1803 1973 170 38 Keach's

1435 2036 150 25 success
1595 2031 36 30 at
1643 2027 219 52 facilitating
1872 2030 101 50 large

1433 2094 139 36 group
1613 2083 246 38 discussion
1896 2087 76 38 has

1433 2139 148 36 earned
1605 2139 85 38 him
1712 2145 134 46 praise
1866 2143 106 38 from

1433 2209 118 36 many
1572 2198 43 36 of
1631 2198 60 36 his
1712 2206 153 31 current
1887 2203 77 36 and
1987 2203 145 39 former
2153 2208 77 36 and
2252 2209 192 36 students.
2468 2211 72 36 But
2561 2224 43 25 as
2622 2213 66 38 the
2707 2227 140 36 person

1430 2252 93 36 who
1539 2254 132 38 makes
1687 2258 27 33 it
1728 2257 49 36 all
1789 2257 172 50 happen,
1976 2261 49 35 he
2039 2261 145 38 admits
2198 2263 83 38 that
2296 2268 27 35 it
2337 2268 33 35 is
2383 2271 69 33 not
2466 2279 43 25 as
2523 2280 93 38 easy
2630 2282 43 24 as
2685 2271 28 35 it
2728 2269 120 39 looks.

1488 2312 169 49 Perhaps
1674 2324 76 25 one
1765 2313 74 50 key
1857 2321 131 44 aspect
2003 2321 41 33 to
2058 2318 60 38 his
2135 2321 181 36 students
2334 2321 180 52 frequent
2528 2329 274 47 participation
2817 2331 30 35 is

1430 2365 80 36 that
1523 2369 128 36 Keach
1665 2370 94 36 does
1770 2376 69 31 not
1850 2372 80 38 link
1943 2375 180 36 students
2135 2376 140 49 grades
2288 2380 98 36 with
2395 2380 94 38 how
2502 2392 120 39 many
2633 2384 113 36 times
2757 2384 90 50 they

1430 2424 121 47 speak
1562 2427 39 35 in
1613 2427 109 35 class.
1735 2427 106 36 Even
1854 2441 55 31 so,
1921 2430 49 36 he
1983 2443 101 36 says,
2187 2435 139 36 Brown
2339 2438 28 35 it
2378 2438 33 35 is
2424 2438 157 50 usually
2592 2439 65 38 the
2668 2452 88 27 case
2769 2443 79 36 that

1430 2482 106 46 quite
1546 2493 20 24 a
1580 2482 167 36 number
1757 2483 43 36 of
1809 2485 180 36 students
2002 2487 80 36 will
2094 2490 132 49 speak.
2239 2491 35 35 A
2283 2491 55 36 lot
2350 2493 44 36 of
2405 2494 139 36 Brown
2556 2496 180 38 students
2746 2498 101 38 have

1428 2535 63 38 the
1507 2539 228 36 confidence
1750 2540 77 36 and
1844 2542 65 36 the
1921 2546 274 36 commitment
2208 2548 41 35 in
2265 2548 65 36 the

1483 2595 117 35 Some
1613 2595 43 35 of
1666 2595 65 36 the
1743 2597 220 50 challenges
1978 2600 50 35 he
2039 2600 104 38 faces
2157 2603 159 38 include
2329 2606 66 36 the
2408 2606 126 38 threat
2545 2609 43 35 of
2598 2609 154 44 silence,
2767 2616 57 33 ten-

1425 2652 87 33 sion
1524 2652 79 35 and
1616 2652 159 38 debates
1787 2666 148 38 among
1945 2657 192 44 students,
2151 2660 79 36 and
2243 2661 183 38 students
2436 2663 94 38 who
2543 2665 202 39 dominate
2756 2679 66 25 con-

1424 2709 206 35 versation.
1646 2709 55 36 As
1715 2709 58 38 for
1787 2713 113 35 times
1915 2713 118 35 when
2047 2726 54 24 no
2113 2728 77 25 one
2205 2718 39 35 in
2258 2718 99 38 class
2372 2721 145 47 speaks
2531 2734 66 38 up,
2613 2723 129 36 Keach
2754 2734 88 41 says

1425 2764 80 36 that
1526 2765 106 35 there
1650 2778 72 24 can
1742 2767 49 36 be
1811 2780 19 24 a
1852 2770 169 36 number
2039 2772 43 36 of
2101 2783 137 27 causes
2257 2775 61 36 for
2339 2775 87 38 this.
2447 2776 244 47 Sometimes,
2710 2781 50 36 he
2778 2783 44 36 be-

1424 2819 131 44 lieves,
1570 2820 66 38 the
1652 2822 176 49 physical
1846 2833 272 43 arrangement
2135 2828 43 36 of
2192 2830 65 38 the
2274 2844 113 25 room
2403 2844 72 25 can
2491 2835 50 36 be
2557 2846 20 25 a
2595 2835 189 50 problem,
2802 2850 41 25 as

1424 2882 102 31 most
1540 2879 142 36 lecture
1694 2879 99 38 halls
1806 2893 65 25 are
1883 2887 69 33 not
1965 2883 192 50 designed
2173 2887 60 36 for
2246 2888 183 38 students
2441 2896 41 31 to
2496 2890 83 39 face
2592 2904 76 27 one
2682 2894 161 36 another

1422 2932 79 36 and
1517 2934 88 36 talk.
1620 2935 123 38 Other
1756 2939 126 43 times,
1898 2939 131 38 Keach
2041 2942 98 43 said,
2153 2945 30 33 it
2195 2943 113 50 helps
2324 2950 39 33 to
2378 2957 99 38 pose
2491 2948 65 36 the
2570 2951 183 47 question
2767 2953 39 35 in
2820 2964 20 24 a

1422 2991 183 36 different
1616 3005 94 38 way.

1691 3052 186 49 meaning
1891 3057 52 38 to,
1959 3065 80 38 you
2057 3060 123 31 create
2195 3069 22 24 a
2233 3060 189 36 situation
2438 3060 82 36 that
2535 3061 181 38 students
2731 3063 110 38 think

1422 3115 79 36 you
1512 3115 65 25 are
1587 3104 161 52 looking
1759 3107 60 36 for
1830 3120 20 24 a
1863 3110 211 47 particular
2282 3113 52 38 he
2343 3115 98 38 said.
2594 3120 80 47 just
2683 3131 157 27 assume

1422 3159 79 36 that
1517 3173 79 36 you
1609 3173 50 36 go
1676 3162 124 38 ahead
1816 3165 79 35 and
1910 3178 154 24 answer
2080 3169 27 35 it

1477 3217 129 35 Keach
1619 3217 302 52 acknowledges
1934 3222 80 38 that
2027 3235 77 27 one
2115 3225 44 36 of
2169 3227 65 35 the
2246 3227 99 36 risks
2357 3228 44 36 of
2411 3241 20 24 a
2444 3228 118 50 large,
2575 3244 106 36 open
2691 3233 128 36 discus-

1419 3274 87 35 sion
1526 3276 30 33 is
1575 3274 82 36 that
1677 3277 27 33 it
1723 3287 72 25 can
1813 3280 91 33 turn
1923 3280 82 35 into
2025 3291 49 24 an
2094 3283 266 47 unstoppable
2381 3285 142 36 debate
2540 3287 98 36 with
2657 3290 183 49 personal

1419 3331 156 35 attacks.
1682 3343 20 24 a
1718 3332 159 44 teacher,
1891 3346 96 25 once
2002 3348 80 36 you
2096 3348 106 38 open
2214 3339 132 52 things
2361 3354 68 36 up,
2441 3354 83 38 you
2535 3345 104 36 can't
2649 3351 137 44 expect
2797 3351 43 31 to

1414 3384 77 49 just
1506 3386 91 36 shut
1611 3389 28 33 it
1652 3387 131 38 down.
1800 3391 30 35 It
1843 3392 31 35 is
1890 3395 68 31 not
1970 3394 123 49 going
2106 3398 41 31 to
2159 3394 49 38 be
2446 3398 50 36 he
2509 3400 98 36 said.
2622 3400 126 38 When
2761 3402 77 38 this

1417 3441 189 50 happens,
1628 3444 129 36 Keach
1776 3446 197 39 refocuses
1994 3449 65 36 the
2077 3450 99 36 class
2195 3452 52 50 by
2268 3454 140 50 asking
2427 3455 181 39 students
2628 3461 39 35 to
2687 3469 151 41 engage

1416 3498 96 36 with
1529 3499 65 36 the
1611 3502 124 36 issues
1753 3504 208 47 particular
1978 3504 157 52 literary
2153 3513 87 38 text,
2258 3512 154 36 instead
2430 3512 44 36 of
2488 3513 167 50 broadly
2672 3518 164 49 arguing

1416 3556 93 36 each
1524 3556 117 36 other.

1472 3611 230 50 Ultimately,
1723 3616 129 36 Keach
1871 3628 83 25 sees
1973 3617 61 36 his
2052 3619 102 38 ideal
2172 3620 101 38 class
2291 3625 80 35 size
2389 3635 43 27 as
2449 3625 146 38 related
2614 3631 41 33 to
2674 3639 19 25 a
2713 3628 120 50 larger

1414 3669 104 35 issue
1537 3671 39 33 in
1594 3669 63 36 the
1676 3671 159 50 English
1852 3672 249 49 department
2118 3677 121 36 about
2257 3679 220 49 professors
2494 3683 181 50 teaching
2693 3687 118 36 under-

1413 3724 191 49 graduate
1616 3739 169 25 courses.
1798 3729 206 50 Although
2019 3731 159 52 English
2192 3735 47 35 32
2254 3748 43 24 as
2310 3748 22 24 a
2346 3739 183 47 required
2543 3751 139 25 course
2696 3740 60 38 for
2770 3742 63 38 the

1413 3784 299 43 concentration,
1728 3784 50 36 he
1792 3797 101 38 says,
2055 3800 63 27 are
2132 3795 71 31 not
2216 3792 162 50 enough
2392 3795 154 49 regular
2561 3795 146 52 faculty
2720 3800 94 36 offer-

1413 3838 66 47 ing
1498 3841 202 35 sections...
1718 3841 80 36 The
1817 3854 74 25 one
1910 3855 140 25 course
2068 3857 63 25 we
2150 3850 164 46 require,
2332 3849 66 36 the
2417 3850 250 50 department
2685 3854 107 38 finds
2811 3869 19 24 a

1411 3893 98 36 hard
1524 3896 91 35 time
1630 3896 159 44 staffing

2326 3934 304 50 MARSHALL
2647 3939 184 49 MILLER

2150 2109 98 31 JOHN
2265 2110 162 35 FORASTE,
2444 2113 206 28 UNIVERSITY
2665 2117 189 28 RELATIONS

1359 3987 66 76 31

2252 129 277 50 TEACHING
2548 134 66 46 AT
2633 134 214 49 BROWN:

2214 198 661 80 CONVERSATIONS
