4393 6800
184 326 1263 318 Snorts

120 1000 213 79 Chris
381 998 361 99 Vaughan

542 1118 373 153 Jock
961 1115 304 156 talk

222 1417 139 35 Thank
387 1428 93 33 you,
510 1416 131 35 thank
668 1414 282 46 you—you're
975 1419 68 30 too
1071 1413 118 36 kind!
1219 1413 161 36 Letters
1408 1411 102 36 have
1532 1413 107 35 been

164 1472 208 46 streaming
394 1472 35 35 in
454 1472 46 35 all
518 1472 102 35 week
639 1472 76 35 and
732 1482 183 33 everyone
932 1474 120 30 wants
1069 1474 39 30 to
1128 1469 110 33 know
1257 1479 61 33 my
1335 1471 118 31 secret
1472 1466 167 35 formula

164 1529 57 35 for
243 1528 150 46 pigskin
416 1526 339 47 prognostication.
776 1526 107 39 Well,
906 1526 54 35 I’d
981 1524 74 36 like
1071 1529 41 31 to
1129 1524 254 36 accomodate
1397 1534 74 35 you
1488 1523 63 38 all,
1570 1523 69 35 but

165 1584 115 36 that's
312 1583 189 36 classified
535 1581 261 36 information.
830 1581 93 35 How
951 1580 76 36 else
1055 1581 52 33 do
1134 1591 72 33 you
1236 1578 110 36 think
1378 1578 16 35 I
1422 1578 137 46 picked
1592 1587 47 25 an

165 1639 175 43 amazing
356 1639 72 35 five
441 1643 65 31 out
521 1638 46 35 of
576 1638 54 35 six
646 1638 71 35 last
732 1636 126 36 week?
876 1636 120 35 Come
1011 1647 61 24 on.

217 1696 63 33 BU
318 1696 74 33 and
428 1693 233 35 Dartmouth
693 1691 231 46 cooperated
959 1691 225 44 beautifully
1216 1694 39 31 to
1288 1690 113 35 make
1435 1701 60 33 my
1526 1688 115 36 20-17

165 1750 211 46 prediction
394 1748 213 44 absolutely
625 1748 157 46 perfect,
800 1746 109 35 while
926 1745 206 36 Columbia
1150 1746 74 35 and
1244 1745 104 35 Penn
1362 1756 109 24 came
1487 1743 99 36 close
1600 1750 39 30 to

167 1806 156 46 making
339 1816 60 24 me
414 1805 85 35 look
515 1805 214 44 absolutely
743 1803 167 46 psychic,
924 1813 43 25 as
980 1802 66 36 did
1065 1802 172 35 Harvard
1255 1802 74 35 and
1346 1800 170 46 Colgate.

217 1863 82 35 And
323 1861 82 35 who
425 1861 52 35 do
494 1871 72 35 you
589 1858 109 36 think
720 1858 76 35 had
814 1865 39 28 to
871 1858 96 35 blow
987 1869 60 33 my
1066 1857 145 47 perfect
1228 1857 128 35 week?
1376 1857 83 35 You
1477 1857 162 44 guessed

167 1918 25 35 it
195 1918 156 35 —Yale.
378 1918 120 35 Never
521 1923 96 28 trust
639 1926 20 25 a
687 1915 164 38 YALIE,
874 1915 14 33 1
909 1915 137 44 always
1066 1924 76 35 say.
1167 1912 274 39 Nevertheless,
1463 1910 93 36 both
1576 1910 65 36 the

167 1973 76 35 Elis
271 1973 74 35 and
380 1973 161 44 Rutgers
569 1972 132 33 scored
732 1970 35 35 in
797 1970 65 35 the
891 1969 184 38 twenties,
1098 1969 79 44 just
1203 1978 43 27 as
1271 1969 14 35 1
1315 1967 209 46 predicted,
1551 1978 43 25 as
1619 1978 22 24 a

167 2030 139 36 missed
321 2028 222 36 conversion
559 2033 80 30 cost
654 2027 65 36 the
735 2027 181 46 Bulldogs
932 2025 63 36 the
1011 2036 123 35 game.
1153 2022 213 36 Shameful.

219 2087 28 33 It
271 2083 123 36 would
417 2083 46 35 be
483 2083 154 44 spiteful
660 2083 88 36 (and
770 2082 146 46 stupid)
937 2088 39 28 to
995 2082 88 41 pick
1107 2080 236 36 Dartmouth
1362 2083 41 31 to
1422 2080 91 35 beat
1532 2079 109 36 those

167 2148 121 30 rotten
315 2140 156 47 spoilers
494 2140 76 35 this
597 2137 118 39 week,
731 2146 41 25 so
789 2135 13 35 I
817 2134 110 36 don’t
940 2134 54 35 do
1009 2132 36 36 it.
1082 2135 82 36 The
1189 2135 68 46 Big
1280 2135 128 35 Green
1430 2145 65 25 are
1515 2135 35 35 in
1573 2135 66 35 sad

167 2197 131 46 shape,
323 2197 68 33 but
411 2195 87 44 they
518 2195 135 44 always
674 2205 101 25 seem
797 2198 39 30 to
855 2194 87 46 play
964 2194 93 35 Yale
1077 2194 112 35 close.
1211 2191 82 35 The
1315 2189 148 47 margin
1483 2191 71 35 has
1575 2194 66 31 not

165 2254 187 35 exceeded
376 2252 69 35 five
468 2250 126 47 points
617 2249 36 36 in
674 2249 76 36 this
769 2249 137 46 rivalry
923 2260 88 24 over
1030 2249 65 35 the
1115 2249 71 35 last
1205 2247 87 36 four
1306 2257 121 35 years.
1446 2247 93 35 This
1553 2257 88 35 year

167 2309 69 35 will
254 2309 44 35 be
313 2318 19 25 a
350 2307 52 35 bit
417 2306 361 36 different...YALE
794 2304 60 39 31,
872 2302 339 36 DARTMOUTH
1230 2301 55 36 13.

217 2364 167 36 Cornell
411 2362 33 36 is
471 2361 272 38 undefeated.
776 2361 304 36 Unbelievable
1087 2359 83 36 —it
1194 2359 87 46 just
1302 2357 115 38 can’t
1443 2359 93 35 last.
1562 2359 79 35 But

169 2420 80 36 wait
254 2419 192 39 —they’re
472 2419 153 47 playing
654 2419 186 38 Harvard,
868 2428 20 24 a
915 2417 79 35 real
1019 2422 109 41 patsy
1154 2416 31 35 if
1206 2414 134 46 you’ve
1364 2420 65 41 got
1454 2414 65 35 the
1540 2413 102 47 right

169 2483 112 28 team.
318 2474 309 44 Unfortunately,
668 2474 65 35 the
748 2474 68 44 Big
833 2474 79 35 Red
928 2469 6 49 i
964 2474 90 35 does
1085 2476 66 33 not
1180 2472 96 35 have
1304 2471 63 36 the
1395 2469 99 47 right
1524 2474 117 31 team.

176 2534 93 44 They
274 2532 54 36 Ye
348 2532 94 35 been
465 2532 112 43 lucky
595 2542 41 24 so
658 2529 69 39 far,
748 2529 161 46 though,
932 2543 44 25 so
989 2531 124 47 hedge
1126 2540 93 36 your
1235 2529 94 35 bets.
1372 2526 113 44 Larry
1506 2526 135 35 Brown

169 2589 68 35 has
255 2589 63 35 the
334 2598 82 25 arm
436 2595 36 27 to
488 2587 87 44 pick
594 2594 109 38 apart
717 2587 65 35 the
795 2586 153 35 Cornell
964 2586 211 44 secondary
1191 2584 72 35 and
1280 2583 65 36 the
1359 2581 180 46 thinking
1553 2581 90 36 here

169 2646 28 35 is
219 2646 79 35 that
320 2644 151 35 Cornell
491 2643 123 36 hasn't
636 2641 113 46 really
767 2643 77 33 had
863 2649 38 28 to
918 2641 83 35 face
1019 2641 176 44 anybody
1214 2639 132 46 tough.
1365 2639 80 35 The
1463 2638 178 36 Crimson

170 2696 118 36 aren't
317 2698 82 35 that
427 2699 132 44 tough,
586 2701 68 35 but
680 2701 87 46 they
794 2702 137 35 should
959 2704 47 35 be
1028 2702 77 46 just
1132 2702 120 46 tough
1280 2699 192 46 enough...
1523 2696 94 36 HAR-

172 2751 140 36 VARD
328 2753 60 41 21,
405 2753 236 38 CORNELL
669 2757 60 35 17.

219 2813 203 35 Columbia
460 2813 65 35 has
561 2813 94 33 been
694 2811 154 46 looking
883 2811 99 46 good
1019 2809 43 36 of
1088 2811 88 35 late.
1211 2808 202 36 Princeton
1446 2808 68 36 has
1545 2808 98 35 been

170 2866 162 38 terrible.
354 2866 154 36 Neither
526 2872 102 28 team
647 2866 28 35 is
694 2877 20 24 a
732 2866 222 39 contender,
975 2866 68 35 but
1058 2866 91 35 both
1169 2863 126 47 aspire
1307 2868 43 31 to
1361 2865 60 39 be,
1438 2863 205 46 someday.

180 2924 80 35 The
276 2924 128 36 future
419 2926 106 35 looks
542 2924 172 46 brighter
728 2924 57 36 for
800 2924 65 36 the
880 2924 128 39 Lions,
1022 2924 83 35 who
1123 2923 137 36 should
1276 2921 91 36 take
1381 2920 65 36 the
1461 2920 120 36 battle
1594 2918 46 38 of

172 2980 61 35 the
260 2978 60 46 big
340 2986 82 27 cats
446 2978 140 35 behind
613 2989 20 24 a
658 2978 187 35 balanced
871 2978 131 35 attack
1024 2976 85 36 that
1131 2976 63 36 the
1214 2975 134 47 Tigers
1364 2975 77 46 just
1461 2976 115 33 won’t
1597 2975 46 35 be

170 3035 83 36 able
279 3041 36 28 to
339 3036 99 41 stop.
454 3033 134 47 Things
611 3033 69 35 will
706 3033 46 35 be
778 3031 156 47 looking
954 3044 52 35 up
1027 3031 38 35 in
1087 3031 63 36 the
1173 3031 66 46 Big
1261 3030 124 47 Apple
1406 3030 31 36 if
1452 3030 65 36 the
1539 3030 83 36 Prin-

169 3091 197 35 eetonians
394 3091 181 35 continue
603 3096 39 30 to
671 3091 87 33 look
789 3101 39 24 as
855 3090 76 35 bad
959 3101 43 24 as
1027 3088 87 46 they
1140 3087 417 38 have...COLUMBIA
1583 3085 58 41 27,

176 3140 293 39 PRINCETON
485 3140 61 35 14.

209 3205 69 35 The
302 3216 109 35 game
436 3205 85 35 with
548 3203 63 36 the
635 3208 99 30 most
757 3200 161 47 bearing
937 3211 49 25 on
1008 3200 65 36 the
1094 3200 58 44 Ivy
1175 3209 87 25 race
1283 3197 69 35 will
1376 3198 46 35 be
1444 3197 135 35 Brown
1598 3206 50 25 vs.

176 3261 117 35 Penn.
350 3260 69 33 The
443 3265 72 30 two
539 3268 220 35 pre-season
784 3255 180 46 hopefuls
986 3255 94 36 both
1106 3266 102 24 seem
1231 3257 39 33 to
1296 3252 91 36 have
1411 3255 132 43 gotten
1565 3261 88 25 over

176 3317 94 35 their
288 3315 206 46 respective
510 3324 106 25 cases
635 3312 44 36 of
688 3313 143 44 dropsy
847 3312 77 35 and
943 3321 65 25 are
1027 3310 113 44 ready
1157 3313 39 31 to
1213 3313 63 41 get
1291 3318 52 25 on
1359 3307 90 36 with
1465 3307 66 36 the
1545 3318 107 25 more

176 3370 209 46 important
408 3369 238 46 things--like
666 3369 63 36 the
750 3370 113 43 quest
883 3365 57 36 for
961 3365 66 36 the
1047 3365 60 46 Ivy
1126 3364 94 38 title.
1260 3364 82 35 The
1362 3362 178 43 Quakers
1559 3361 94 38 have

176 3427 112 35 made
309 3427 63 35 the
395 3424 135 36 Bruins
551 3424 90 35 look
657 3424 77 35 bad
751 3428 74 28 two
841 3431 109 35 years
967 3422 38 35 in
1022 3431 24 25 a
1061 3430 88 31 row,
1167 3419 151 46 costing
1335 3430 49 25 an
1402 3417 173 47 outright
1591 3417 63 46 Ivy

176 3482 77 35 title
280 3482 35 33 in
348 3472 63 44 197
431 3472 20 44 b
472 3472 63 44 and
561 3491 20 22 a
605 3479 112 35 share
737 3477 44 36 of
794 3477 66 36 the
880 3488 107 25 same
1008 3476 38 35 in
1068 3474 72 36 ’77.
1180 3474 83 36 You
1285 3485 72 24 can
1378 3474 66 35 bet
1461 3474 66 35 the
1546 3472 107 36 older

178 3535 137 36 Bruins
332 3535 150 35 haven't
501 3535 191 44 forgotten
712 3534 38 36 it.
784 3532 91 36 This
891 3543 110 35 game
1016 3531 72 36 will
1104 3529 211 41 eliminate,
1329 3528 60 38 for
1403 3528 50 38 all
1466 3526 184 50 practical

176 3603 198 35 purposes,
397 3602 71 24 one
487 3589 46 36 of
548 3589 63 36 the
631 3594 123 30 teams
773 3587 99 35 from
893 3587 225 35 contention
1139 3586 61 36 for
1217 3586 65 36 the
1301 3584 93 36 title.
1428 3583 157 38 There’s
1603 3595 50 24 no

178 3647 172 44 question
372 3646 90 36 both
482 3646 145 46 squads
646 3644 135 36 should
802 3643 47 36 be
863 3654 52 36 up
931 3641 60 36 for
1003 3641 76 38 this
1093 3652 113 25 one...
1236 3636 194 38 BROWN
1446 3635 61 46 27,
1520 3633 135 38 PENN

183 3704 57 36 18.

217 3754 123 35 JOCK
375 3754 211 35 SHORTS:
620 3756 102 33 Penn
753 3754 28 36 is
811 3754 63 36 the
904 3754 88 46 only
1017 3761 104 30 team
1150 3754 88 36 with
1266 3767 22 24 a
1313 3754 169 47 winning
1506 3754 134 36 record

169 3811 146 46 against
334 3811 266 35 Brown-eoach
616 3811 96 35 John
729 3811 214 36 Anderson.
959 3811 104 46 They
1079 3811 96 36 have
1187 3811 117 36 taken
1320 3811 87 36 four
1419 3814 69 33 out
1501 3809 44 38 of
1554 3809 85 38 five.

219 3866 112 35 Mark
359 3866 191 36 Farnham
580 3866 27 36 is
635 3866 71 36 still
734 3866 65 36 the
822 3866 63 46 Ivy
906 3866 184 47 League’s
1115 3866 154 47 leading
1290 3866 173 36 receiver.
1488 3866 60 36 He
1570 3866 69 36 has

169 3924 124 44 pulled
323 3923 33 35 in
387 3923 31 35 11
450 3934 131 35 passes
605 3923 57 35 for
688 3921 68 36 144
776 3923 115 46 yards
915 3923 38 35 in
976 3926 72 33 two
1071 3923 131 47 league
1222 3934 145 36 games.
1391 3923 115 46 Barry
1526 3923 113 36 Blum

169 3980 71 33 and
258 3978 126 44 Marty
402 3978 269 36 DeFrancesco
687 3989 63 24 are
764 3978 131 36 fourth
912 3980 76 35 and
1003 3978 102 41 fifth,
1123 3978 254 46 respectively.

219 4036 131 33 Brown
369 4036 134 35 stands
523 4033 79 36 first
620 4033 35 36 in
676 4033 65 36 the
759 4035 60 44 Ivy
836 4035 151 46 League
1003 4033 39 36 in
1058 4039 104 31 team
1180 4033 157 36 defense
1351 4033 77 36 and
1446 4033 140 36 second
1602 4033 38 36 in

169 4099 96 25 team
282 4091 159 33 offense.

79 710 915 214 Gridders
1043 701 469 213 look
1565 732 202 181 to
1827 694 613 214 break
2477 694 1365 257 Pennsylvania
3854 694 433 250 jinx

3586 989 52 44 By
3654 987 153 36 CHRIS
3820 987 257 38 VAUGHAN

3502 1046 99 36 Penn
3622 1057 74 25 was
3713 1046 69 36 last
3797 1046 121 46 year’s
3932 1046 167 46 surprise
4115 1050 99 31 team

3452 1113 36 24 .n
3506 1102 63 35 the
3589 1101 58 46 Ivy
3668 1102 159 46 League.
3849 1101 135 36 Picked
4002 1101 47 44 by
4065 1106 99 31 most
4178 1106 39 31 to

3450 1159 46 35 be
3520 1170 20 24 a
3562 1159 192 36 doormat,
3778 1159 65 35 the
3866 1157 176 41 Quakers
4066 1157 150 36 instead

3449 1213 72 36 did
3562 1225 20 24 a
3624 1213 57 36 lot
3721 1213 46 36 of
3798 1213 197 46 treading
4030 1213 47 36 of
4109 1213 109 36 their

3449 1282 87 24 own
3543 1282 104 22 —on
3688 1276 72 39 top
3798 1269 126 36 notch
3962 1274 135 31 teams
4134 1268 83 36 like

3452 1326 233 35 Dartmouth
3702 1326 91 38 and,
3808 1326 46 35 of
3861 1335 145 28 course,
4025 1326 146 35 Brown.

3501 1381 85 35 The
3616 1381 162 35 Bruins'
3813 1380 91 36 14-7
3932 1381 82 35 loss
4038 1386 43 31 to
4106 1381 110 35 Penn

3450 1439 123 35 ended
3592 1449 50 35 up
3657 1438 150 46 costing
3819 1438 104 35 them
3940 1449 22 24 a
3976 1436 112 36 share
4102 1436 41 36 of
4153 1436 65 38 the

3454 1493 57 44 ivy
3532 1493 148 46 League
3702 1493 91 36 title.
3817 1491 46 36 At
3885 1493 65 35 the
3970 1504 102 24 same
4094 1491 104 41 time,

3452 1550 27 35 it
3501 1561 93 35 gave
3616 1550 65 35 the
3704 1548 176 41 Quakers
3904 1561 19 22 a
3950 1548 61 46 big
4036 1548 107 36 boost
4169 1559 47 24 on

3450 1605 65 35 the
3540 1614 77 35 way
3641 1609 39 30 to
3707 1616 20 24 a
3754 1605 167 44 winning
3948 1614 148 27 season,
4121 1603 96 36 their

3452 1660 93 36 first
3569 1660 39 33 in
3633 1660 117 35 three
3772 1671 132 33 years.
3932 1658 148 36 Penn’s
4104 1658 112 38 third

3452 1718 107 43 place
3584 1717 58 44 Ivy
3665 1715 118 36 finish
3805 1717 76 35 had
3906 1726 20 25 a
3951 1717 50 35 lot
4020 1717 39 35 ot
4083 1717 134 44 people

3454 1770 236 47 predicting
3740 1770 69 46 big
3854 1770 143 46 things
4044 1770 60 35 for
4150 1770 68 35 the

3455 1827 235 44 Phildelphia
3709 1827 137 44 squad.

3506 1883 255 35 Misfortune
3802 1883 76 35 has
3915 1882 194 39 befallen
4150 1882 69 36 the

3454 1939 176 41 Quakers
3649 1937 76 36 this
3745 1950 148 27 season,
3910 1937 161 46 though.
4117 1935 109 36 Their

3454 1995 90 35 best
3595 1994 206 36 offensive
3850 1994 202 36 lineman.
4104 1992 115 36 Boris

3455 2049 184 39 Radisic,
3671 2050 227 44 developed
3929 2061 20 24 a
3976 2049 243 36 hematoma

3454 2107 183 36 between
3666 2106 63 36 his
3754 2106 121 35 brain
3901 2106 80 35 and
4006 2104 63 36 his
4093 2106 126 38 skull,

3454 2161 176 46 bringing
3647 2169 39 28 to
3706 2173 44 22 an
3770 2162 74 35 end
3863 2161 58 35 his
3937 2161 280 46 distinguished

3454 2217 180 36 football
3668 2228 157 24 career.
3860 2216 99 36 This
3994 2227 91 33 may
4118 2217 101 33 have

3452 2274 241 35 contriuted
3728 2279 43 30 to
3806 2274 150 35 Penn's
3991 2283 104 35 poor
4129 2283 68 35 per-

3454 2329 197 35 formance
3671 2329 146 46 against
3838 2329 233 36 Dartmouth
4090 2328 36 35 in
4145 2328 76 36 this

3454 2386 169 36 season’s
3636 2395 156 33 opener.

3506 2441 157 46 Despite
3690 2443 106 33 these
3827 2441 189 38 setbacks,
4046 2443 63 33 the
4140 2439 77 36 Red

3454 2499 79 33 and
3569 2499 101 33 Blue
3701 2499 102 33 have
3835 2499 104 33 been
3972 2509 169 35 coming
4167 2509 50 22 on

3454 2561 142 38 strong.
3628 2553 36 35 In
3693 2553 68 36 last
3786 2553 137 35 week’s
3946 2553 113 35 31-19
4083 2553 134 44 victory

3454 2620 85 24 over
3576 2608 217 39 Columbia,
3830 2609 255 46 quarterback
4134 2608 83 35 Tom

3455 2666 148 35 Roland
3627 2666 55 33 led
3704 2676 19 24 a
3742 2665 173 44 bruising
3932 2666 146 43 ground
4096 2674 121 35 game,

3452 2721 173 46 carrying
3655 2720 60 36 for
3746 2720 71 35 213
3849 2721 110 44 yards
3989 2726 39 30 to
4061 2726 61 39 put
4156 2720 61 36 the

3454 2776 178 41 Quakers
3654 2787 49 24 on
3726 2783 68 38 top
3817 2776 76 35 and
3918 2783 65 38 put
4011 2773 156 38 himself
4183 2775 35 36 in

3454 2831 183 46 position
3666 2838 43 28 to
3740 2831 46 35 be
3813 2831 151 35 named
3994 2830 139 36 ECAC
4159 2830 39 36 of-

3454 2887 140 36 fensive
3611 2888 126 44 player
3753 2887 43 35 of
3803 2888 66 35 the
3883 2888 113 33 week.

1778 2817 187 36 MARTY
1984 2819 192 38 MORAN
2198 2831 74 25 was
2293 2822 145 35 named
2457 2825 39 31 to
2515 2820 65 36 the
2602 2817 134 39 ECAC
2754 2817 151 36 all-star
2923 2822 102 30 team
3047 2816 72 35 last
3139 2816 104 35 week
3258 2814 61 38 for
3335 2816 57 36 his

1776 2874 129 35 stellar
1924 2874 271 46 performance
2214 2877 153 44 against
2387 2876 205 36 Princeton
2611 2876 39 35 In
2671 2874 124 35 which
2816 2872 47 36 he
2882 2871 140 47 gained
3044 2871 71 36 106
3132 2871 117 46 yards
3268 2883 50 24 on
3339 2872 54 35 six

1776 2931 153 33 carries.

1528 181 104 36 BRO
1643 180 255 36 WNDAILY
1909 178 224 36 HERALD.
2150 175 157 38 FRIDA
2318 176 39 35 Y.
2376 172 246 41 OCTOBER
2641 170 54 39 13.
2717 170 96 36 1978

3616 2943 220 36 Continued
3850 2956 47 22 on
3915 2943 101 44 Page
4028 2943 22 35 8

4047 169 167 38 7

157 4339 146 104 i_e
348 4328 386 132 PapiUcn

891 4422 57 36 \>

1006 4296 135 66 182
1178 4291 88 65 An
1268 4318 36 52 3
1313 4302 87 55 eU
1435 4304 135 69 5t,,

1002 4376 184 61 Prov*
1194 4378 216 60 efen.ce.

175 4550 254 77 Aperitif
458 4572 22 20 •
504 4550 301 58 Homem44e
827 4539 79 72 s°
909 4570 27 28 v
937 4565 71 60 ps
1035 4564 25 27 0
1076 4542 217 91 Crepes
1298 4584 24 24 •
1343 4548 222 90 Quiche
1581 4587 28 22 °

183 4636 356 77 Sandwiches
567 4643 317 69 'Desserts
917 4647 468 72 Qmelettes»Ful\
1409 4660 231 61 Dinners

167 4721 254 87 'Belgian.
449 4726 233 68 Weffles
709 4746 20 22 •
761 4721 126 65 Ab°
1175 4721 137 60 Becv
1348 4732 110 54 a.r>4
1501 4742 98 44 u»iV
1598 4764 9 27 l
1613 4757 33 33 e

178 4830 291 69 Outdoor
504 4827 157 82 Cafe,
698 4825 132 77 AjW
860 4819 161 87 Open.
1058 4820 55 61 11
1145 4824 217 72 AM~Pfi
1375 4827 214 83 clnijkt

192 4924 106 58 Open
313 4912 74 65 ff
405 4912 83 57 fi/ll
507 4912 241 57 brmkfasT
756 4909 102 55 *sat
877 4906 134 61 <^jan

176 5069 598 143 SPATS

904 5079 96 38 PUB
1027 5079 140 39 STYLE
1195 5080 186 52 DJNING

869 5134 224 49 Spectuiar
1129 5134 288 43 Sandwiches

921 5191 87 39 Pub
1036 5191 117 50 Style
1180 5192 181 50 Burgers

885 5244 167 54 Freshly
1077 5247 137 39 Made
1243 5247 156 39 Salads

939 5348 178 44 Specials
1131 5361 52 27 on
1198 5353 137 36 Drinks

931 5417 101 38 Your
1046 5416 173 36 Favorite
1235 5416 104 44 Spot

931 5474 104 35 Your
1049 5472 173 36 Favorite
1235 5471 128 38 Music

302 5644 268 80 JAKE'S
633 5647 118 74 ICE
806 5644 288 80 CREAM
1143 5652 324 76 PARLOR

491 5783 57 35 All
564 5781 154 35 Natural
734 5780 197 36 Flavors—
981 5773 150 36 Terrific
1146 5773 186 36 Sundaes

509 5942 715 118 ANDREAS

720 6120 139 39 FOOD
885 6142 14 8 -
928 6121 175 38 SPIRITS

643 6176 25 28 A
693 6176 145 30 TOUCH
863 6176 50 30 OF
937 6176 123 31 CLASS
1085 6176 41 30 IN
1153 6176 25 31 A

710 6222 94 33 NICE
831 6222 279 33 ATMOSPHERE

517 6279 117 30 MOST
658 6279 211 35 EXCITING,
896 6280 169 36 EATING,
1091 6280 211 30 DRINKING

649 6324 101 31 SPOT
773 6324 65 31 ON
863 6324 74 33 THE
962 6324 96 33 EAST
1085 6324 85 33 SIDE
1225 6324 6 33 '

425 6420 167 35 GREEK
624 6420 279 43 SOUVLAKI,
935 6422 167 38 GREEK
1137 6425 222 39 SALADS,

506 6501 282 39 MOUSAKA,
805 6499 154 36 SHISH
980 6501 184 39 KEBOB,
1181 6502 106 36 ETC.

2217 3049 222 82 FOUR
2477 3052 378 79 SEASONS

2290 3146 68 54 60
2384 3146 241 68 Newport
2652 3148 123 55 Ave.

2266 3217 47 55 E.
2348 3217 146 57 Prov.
2524 3219 280 55 434-4655

1994 3318 272 76 MONEY
2296 3318 277 77 SAVING
2611 3318 309 76 SPECIAL
2951 3321 146 72 FOR

2159 3406 334 76 COLLEGE
2524 3405 395 77 STUDENTS

1942 3491 269 52 Admission
2235 3493 107 60 only
2362 3491 145 58 $1.25
2532 3496 165 58 except
2721 3493 227 61 Saturday
2969 3491 202 63 Evening

1924 3572 134 50 when
2083 3572 271 63 presenting
2376 3573 186 61 college
2584 3572 140 60 photo
2748 3572 90 50 I.D.
2865 3575 47 47 at
2934 3575 91 49 Box
3047 3573 165 50 Office.

2038 3655 148 58 Wed.
2214 3647 228 66 Oct.llth
2465 3657 112 57 thru
2602 3657 157 57 Tues.
2787 3657 110 57 Oct.
2942 3647 107 66 I7th

2148 3728 20 55 I
2181 3726 123 58 MAT
2331 3726 30 57 2
2394 3720 131 61 P.M.
2559 3724 109 58 SAT
2698 3740 31 31 •
2762 3724 118 58 SUN
2898 3720 6 76 j

2148 3794 35 55 I.

2024 3836 206 206 s

2813 4118 41 65 k

2312 4195 202 60 Goldie
2529 4195 184 57 Hawn
2770 4205 9 58 [

2383 4266 192 79 Chevy
2587 4265 192 61 Chose

2191 4526 346 115 1^7900-9:15

2203 4655 332 82 MHS2

2293 4912 118 39 GARY

2728 5022 60 27 PG

2334 5046 17 17 «l
2375 5044 22 17 00
2406 5046 16 14 -N
2428 5039 3 24 *
2436 5039 6 24 t
2446 5044 31 17 N&t
2490 5043 33 19 -0“
2532 5039 82 20 -0:101“

2586 5189 225 41 Richard!

2569 5233 233 49 Dreyfus*.

2602 5282 162 27 MoaeeWine

2548 5317 110 25 Private
2669 5310 142 28 Detective

2603 5365 187 31 •ogofigore

2409 5435 279 58 sFJ-^tlie

2545 5657 255 39 7:30-9:45
2822 5657 6 43 .

2145 5880 9 49 I
2178 5880 109 50 /7'
2381 5888 274 41 7:00-9:00
2742 5887 91 43 M

2145 5943 150 76 r/ltfl
2309 5972 109 33 WHIN
2431 5972 68 35 VM
2510 5973 159 33 TVHMT
2680 5976 30 30 IT
2724 5959 109 49 wu'

2145 6013 49 41 7
2254 6013 83 35 SM
2351 6013 94 36 TIM
2461 6013 372 39 BACKTtTMM*VIII

2145 6077 24 90 I
2202 6109 30 58 ?

2433 6112 170 58 PETER
2622 6113 213 57 StUERT

2450 6231 387 60 REVENGE

2294 6280 91 102 %
2561 6306 60 58 Of
2628 6304 109 58 THE
2825 6326 27 47 i

2291 6381 80 71 fir
2406 6373 443 74 fiHKFarther

3528 3184 118 46 Four
3668 3186 222 49 Seasons

3597 3244 230 49 Cinemas

3701 3631 83 35 EAST

3802 3635 224 36 PROVIDENCE

3822 4463 46 43 %

3518 4542 161 33 amssasojt

3521 5874 115 50 Ooptsr

3277 5882 31 31 IP

3504 5997 140 47 tOWgST

3313 6409 121 46 °°**To
3439 6433 46 30 WM
