4393 6800
102 2592 134 36 couch.
430 2592 176 46 panelled
630 2592 117 38 walls,
772 2592 93 46 shag

99 2661 80 33 rug,
216 2652 74 33 and
326 2650 102 33 color
465 2650 206 38 television,
704 2650 161 44 though,

99 2706 102 35 there
220 2717 24 22 w
254 2715 39 25 as
312 2715 46 25 an
378 2704 249 46 appropriate
644 2704 55 36 air
717 2704 44 36 of
772 2706 93 44 hazy

99 2761 187 46 mystique
302 2761 35 35 in
354 2761 63 35 the
431 2772 120 24 room.

124 2817 151 44 Sandy,
304 2827 49 25 an
383 2816 220 36 attractive
628 2816 76 46 girl
731 2816 36 35 in
794 2817 71 33 her

99 2872 99 46 early
220 2871 180 39 twenties,
427 2880 54 27 sat
504 2874 110 33 down
639 2880 83 27 next
746 2879 38 28 to
808 2883 57 24 me

99 2940 46 24 on
165 2929 63 35 the
249 2928 121 35 couch
392 2929 74 35 and
490 2929 123 43 began
635 2934 36 28 to
688 2928 176 36 examine

99 2995 58 31 my
175 2984 198 44 perspring
387 2984 98 44 right
504 2984 113 44 palm.

123 3039 72 35 She
220 3039 115 35 asked
362 3050 60 22 me
446 3046 36 28 to
506 3039 112 33 make
638 3046 72 28 two
729 3039 134 35 wishes

99 3098 74 35 and
192 3096 61 35 tell
274 3096 66 36 her
357 3106 71 27 one
443 3096 44 36 of
496 3096 117 36 them.
644 3096 9 35 1
671 3098 118 33 asked
806 3096 58 35 for

102 3156 19 22 a
146 3145 128 44 happy
298 3146 189 46 marriage
509 3150 72 35 and
605 3159 20 24 a
647 3150 208 35 successful

99 3209 140 28 career,
257 3202 72 35 and
348 3202 77 35 told
444 3202 129 38 Sandy
589 3203 61 35 the
668 3203 91 36 first.

123 3263 189 44 Reading
350 3263 216 35 â€œbetween
605 3263 66 35 the

98 3320 137 43 Sandy
261 3318 90 35 said
383 3318 88 36 that
506 3320 8 31 1
548 3320 131 33 would
713 3320 104 33 have
844 3331 19 22 a

96 3375 121 35 stable
238 3373 189 44 marriage
447 3373 96 36 after
565 3384 17 24 a
603 3384 85 30 year
706 3384 43 24 or
765 3384 41 24 so
824 3375 39 33 of

96 3430 146 35 tension
266 3431 140 33 caused
431 3430 46 44 by
499 3441 58 33 my
581 3428 282 46 unwillingness

96 3491 36 27 to
146 3485 107 33 settle
269 3485 79 33 dow
357 3494 35 24 n.

150 3542 61 43 My
228 3542 225 33 unrevealed
471 3542 88 35 wish
578 3543 123 35 would
720 3543 79 35 also
817 3546 43 36 be

96 3595 173 36 realized,
293 3597 65 33 she
378 3595 178 38 claimed,
575 3597 65 33 but
660 3595 87 46 only
765 3595 94 36 after

96 3663 19 25 a
151 3654 159 33 number
342 3654 43 33 of
409 3663 117 35 years.
586 3652 274 46 Interestingly,

96 3707 69 35 she
209 3709 102 33 later
353 3706 216 47 predicted
613 3718 167 25 success
822 3707 38 35 in

94 3764 220 44 journalism
350 3764 98 36 after
477 3775 19 24 a
526 3765 102 35 short
661 3764 131 46 period
824 3764 36 35 of

94 3819 194 33 adversity.

121 3876 134 43 Sandy
290 3876 161 35 further
485 3874 254 47 prophesied
769 3876 91 35 that

88 3942 24 20 w
123 3929 72 35 hile
216 3931 8 33 I
241 3931 121 35 would
383 3931 66 36 live
463 3945 19 22 a
502 3932 88 47 long
603 3935 76 33 and
699 3934 153 43 healthy

96 3986 71 35 life.
195 3986 6 46 I
227 3987 121 33 would
373 3994 61 27 not
460 3986 91 35 have
572 3994 104 38 great
696 3986 148 35 wealth.

104 4043 79 33 Ibis
205 4054 123 24 seems
348 4041 208 35 consistent
580 4041 87 35 with
690 4054 20 24 a
729 4054 131 24 career

94 4098 36 35 in
173 4098 268 44 journalism,
487 4109 52 24 no
578 4106 154 27 matter
775 4098 79 35 how

77 4150 220 38 successful.

156 4209 233 36 Predictions
405 4217 33 28 at
460 4209 184 35 Madame
707 4209 153 44 May's,

93 4266 197 35 however,
326 4276 66 24 are
427 4271 66 28 not
529 4263 157 36 limited
720 4271 41 28 to
792 4265 68 36 the

91 4329 143 28 remote
258 4323 135 35 future.
430 4323 124 43 Sandy
575 4323 180 33 observed
776 4321 82 35 that

96 4376 8 35 I
139 4387 72 24 was
244 4375 178 46 basically
454 4386 49 25 an
539 4375 131 36 honest
704 4386 153 36 person,

96 4430 121 36 didn't
236 4431 72 35 like
326 4441 36 25 to
375 4431 121 35 either
512 4430 217 38 intimidate
743 4446 43 24 or
802 4436 46 35 be

104 4488 241 38 intimidated
387 4491 44 43 by
469 4488 109 36 other
617 4488 148 44 people,
787 4502 74 25 was

935 2550 83 35 very
1052 2550 175 25 nervous,
1257 2540 74 33 and
1365 2540 143 33 needed
1539 2545 39 30 to
1606 2550 98 25 cuim

935 2595 79 35 dow
1027 2606 19 22 n
1065 2595 35 33 in
1113 2594 156 47 dealing
1285 2595 88 35 with
1389 2595 107 35 other
1513 2595 148 46 people.

961 2650 123 35 These
1109 2649 255 47 descriptions
1387 2661 63 24 are
1476 2650 46 35 all
1548 2652 159 44 roughly

935 2713 194 31 accurate,
1154 2706 66 36 but
1244 2707 123 33 would
1392 2707 44 33 be
1458 2715 189 36 apparent
1669 2713 39 28 to

935 2772 181 25 someone
1134 2762 88 33 with
1241 2773 90 24 even
1353 2762 191 35 mediocre
1561 2775 145 33 powers

935 2819 46 33 of
991 2817 254 35 observation.

961 2874 128 43 Sandy
1121 2874 79 35 also
1230 2874 213 44 attempted
1474 2880 39 28 to
1542 2885 165 24 uncover

935 2931 156 44 specific
1124 2929 189 36 incidents
1345 2931 33 33 in
1411 2940 58 35 my
1502 2931 72 35 life.
1633 2931 72 35 She

934 2984 265 36 determined
1255 2984 90 35 that
1400 2984 9 35 1
1466 2984 80 35 had
1600 2986 104 33 been

935 3041 184 36 bothered
1142 3043 46 36 bv
1205 3054 20 24 a
1244 3041 145 36 serious
1406 3043 72 35 and
1498 3043 209 46 unsettling

935 3098 187 46 problem
1165 3098 38 33 in
1244 3098 69 35 the
1351 3104 90 38 past
1479 3098 150 44 couple
1665 3098 44 35 of

935 3154 169 36 months,
1131 3154 76 35 had
1235 3154 104 35 loved
1365 3154 87 44 only
1472 3161 74 28 two
1570 3154 135 46 people

935 3209 33 35 in
992 3220 60 33 my
1077 3208 61 36 life
1157 3209 76 35 and
1257 3209 66 35 lost
1343 3219 72 25 one
1435 3209 43 33 of
1491 3209 117 36 them,
1627 3209 77 36 and

934 3277 76 22 was
1039 3266 129 35 drawn
1206 3266 146 33 further
1383 3277 102 31 away
1518 3265 96 35 front
1647 3277 58 33 my

935 3321 128 44 family
1079 3320 96 36 each
1194 3320 91 36 time
1307 3321 9 33 I
1339 3332 68 22 saw
1430 3321 118 35 them.
1592 3321 113 35 These

934 3387 63 24 are
1022 3376 47 35 all
1091 3376 222 46 interesting
1335 3376 274 35 observations.
1650 3376 55 35 To

934 3433 63 35 the
1020 3433 80 33 best
1126 3433 44 33 of
1189 3443 60 33 my
1272 3431 238 46 knowledge,
1535 3433 85 44 they
1641 3444 63 24 are

934 3482 82 35 also
1030 3485 47 35 all
1094 3487 156 46 entirely
1268 3488 230 36 inaccurate.

961 3542 213 47 Reflecting
1198 3554 47 22 on
1272 3542 63 36 the
1359 3542 153 46 validity
1535 3543 44 33 of
1598 3543 102 46 palm

934 3600 170 46 reading.
1137 3602 131 44 Sandy,
1291 3600 98 36 said.
1417 3600 131 35 â€œMost
1575 3600 43 35 of
1641 3600 63 35 the

934 3655 102 36 time,
1057 3655 58 33 it's
1134 3666 82 33 very
1235 3663 191 27 accurate.
1461 3654 63 35 I'm
1543 3654 118 47 doing
1677 3655 24 35 it

934 3713 74 33 and
1035 3713 9 31 1
1066 3723 71 24 can
1161 3723 58 24 see
1243 3712 233 46 predictions
1493 3723 109 24 come
1620 3718 83 28 true

934 3767 83 35 with
1035 3776 61 25 mv
1112 3776 80 24 own

959 3822 79 35 She
1077 3822 258 44 recognizes,
1375 3822 200 36 however,
1611 3822 90 35 that

932 3888 112 33 many
1085 3877 134 46 people
1257 3877 82 35 view
1383 3877 197 46 palmistry
1613 3877 88 35 with

931 3932 238 46 skepticism,
1189 3934 72 33 and
1279 3934 260 36 commented,
1557 3932 63 35 â€œIf
1631 3943 69 33 you

931 3995 98 28 want
1063 3997 38 27 to
1134 3987 142 35 believe
1309 3987 33 33 in
1380 3987 38 36 it.
1452 3987 91 39 tine;
1575 3987 31 35 if
1628 4000 72 33 you

931 4046 121 33 don't,
1071 4046 87 33 then
1175 4046 52 33 do
1239 4046 99 33 what
1357 4055 68 24 vou

310 230 551 91 Commentary

145 345 405 208 The
598 345 827 239 delicate
1483 350 1861 265 university-college
3398 356 816 208 balance

272 633 49 46 By
339 630 198 36 ERNEST
551 630 254 36 FRERICHS

172 688 69 33 The
272 693 195 39 greatness
501 688 46 35 of
576 688 236 35 universities
847 688 28 35 is

112 743 198 35 measured
343 742 31 35 in
409 754 112 33 many
550 754 98 33 ways
672 745 76 33 and
778 743 98 36 from

112 809 112 33 many
252 798 261 47 perspectives.
548 800 69 35 For
646 811 120 27 some,
792 800 25 36 it
847 802 28 35 is

110 854 68 35 the
263 860 211 30 treasures
557 854 47 36 of
682 857 191 33 research

110 909 198 38 facilities
313 909 208 47 â€”library
609 912 263 38 collections,

110 965 261 36 laboratories,
395 975 202 36 computer
617 973 161 28 centers.
806 967 69 35 For

107 1020 156 38 others,
298 1022 25 35 it
356 1033 90 35 may
477 1024 46 33 be
554 1024 68 35 the
652 1024 153 36 results
833 1024 43 35 of

109 1079 192 33 research
356 1077 150 38 efforts
557 1080 224 43 expressed
835 1080 38 33 in

107 1132 279 36 contributions
403 1140 38 28 to
455 1134 235 46 knowledge,
706 1135 169 35 whether

109 1187 38 33 in
197 1189 192 35 research
439 1195 178 41 reports,
665 1191 211 46 scholarly

109 1246 282 44 monographs
420 1246 80 35 and
531 1246 183 38 articles,
742 1258 44 24 or
813 1246 41 35 in-

107 1301 183 35 ventions.
321 1301 69 35 For
417 1301 46 35 all
491 1309 101 39 great
625 1302 247 39 universities,

107 1356 197 38 however,
357 1369 77 24 one
485 1369 72 24 can
609 1370 121 33 agree
781 1359 90 36 that

106 1419 194 38 greatness
329 1413 169 47 requires
528 1414 63 35 the
617 1414 205 46 following:
852 1427 20 24 a

106 1468 157 46 faculty
312 1469 46 35 of
405 1469 247 36 distinction
704 1471 94 35 with
850 1482 19 24 a

104 1524 244 46 reputation
389 1524 132 35 which
562 1528 250 35 transcends
852 1540 19 22 a

106 1581 206 44 particular
342 1581 216 46 university:
591 1594 19 24 a
635 1583 233 36 curriculum

106 1636 36 35 in
220 1636 132 36 which
431 1639 194 33 students
699 1638 172 47 acquire

106 1693 231 47 knowledge,
356 1706 98 33 ways
466 1693 47 36 of
521 1694 191 46 knowing,
729 1698 72 33 and
820 1706 49 25 an

106 1750 304 46 understanding
443 1750 44 35 of
515 1750 94 36 what
644 1750 227 38 constitutes

101 1803 219 47 judgment
365 1808 79 33 and
490 1806 189 39 wisdom;
724 1808 82 35 and
849 1819 20 24 a

104 1863 153 35 student
277 1863 99 43 body
392 1861 44 36 of
449 1863 126 35 actual
592 1863 72 35 and
683 1863 186 44 potential

102 1918 211 35 excellence
326 1918 123 36 which
466 1920 69 35 will
553 1920 117 46 profit
685 1920 98 36 from
800 1921 65 35 the

102 1973 224 46 experience
348 1975 71 33 and
443 1973 202 46 discharge
663 1973 98 36 their
783 1975 87 35 lives

104 2028 83 35 with
211 2027 241 38 â€œusefulness
469 2030 74 33 and
831 2030 35 35 in

104 2085 61 35 the
183 2083 173 38 interests
369 2083 46 38 of
425 2096 19 25 a
460 2083 121 38 better
597 2085 150 46 society.

157 2140 30 35 If
205 2140 131 35 Brown
356 2140 28 35 is
398 2148 38 28 to
454 2140 44 36 be
510 2140 142 46 judged
671 2153 39 24 as
728 2153 20 24 a
762 2150 106 38 great

104 2195 213 36 university,
340 2208 43 24 or
402 2208 90 24 even
513 2208 47 24 on
584 2197 63 35 the
830 2197 44 35 of

1205 644 41 24 as
1283 644 19 24 a
1339 635 143 35 former
1518 635 195 36 President

945 688 216 44 suggested,
1186 688 25 35 it
1236 688 69 35 will
1332 694 65 28 not
1422 690 46 33 be
1493 690 164 35 because
1677 690 36 35 of

945 754 71 33 any
1046 743 46 35 of
1118 745 104 35 these
1252 745 304 36 characteristics
1584 745 38 35 in
1652 757 41 24 ex-

943 800 157 35 clusive
1131 800 181 46 display,
1346 800 72 36 but
1452 802 140 35 rather
1622 802 39 35 in
1693 813 20 24 a

945 854 176 36 balance
1146 854 46 36 of
1211 855 345 36 characteristics
1578 857 132 35 which

943 910 170 47 requires
1137 910 161 36 delicate
1323 910 135 47 timing
1480 920 38 28 to
1542 923 107 25 move
1671 923 43 25 us

942 978 49 24 on
1009 973 39 28 to
1066 967 65 35 the
1146 967 208 44 perfection
1369 967 46 35 of
1424 978 69 24 our
1507 967 150 46 destiny
1671 980 41 24 as

943 1033 20 24 a
983 1020 200 47 university
1200 1024 72 33 and
1291 1028 65 30 not
1373 1035 39 22 as
1428 1035 20 22 a
1461 1024 156 44 college.

997 1079 65 35 We
1083 1079 93 35 have
1197 1080 173 33 research
1394 1079 175 36 facilities
1589 1080 121 35 which

942 1134 224 35 command
1209 1140 162 38 respect
1414 1132 106 36 from
1564 1146 47 22 an
1652 1134 39 35 in-

942 1189 258 36 ternational
1236 1189 206 36 audience
1446 1192 126 33 â€”the
1605 1191 106 35 John

942 1244 135 36 Carter
1102 1246 131 35 Brown
1257 1255 41 25 as
1318 1255 20 25 a
1362 1246 151 35 notable
1535 1246 175 46 example

943 1312 151 35 among
1132 1301 159 36 others.
1335 1301 69 36 We
1446 1302 88 35 also
1575 1302 134 35 would

942 1357 315 44 acknowledge,
1287 1357 183 38 however,
1510 1357 90 35 that
1641 1357 69 35 the

942 1413 159 44 quality
1143 1411 47 38 of
1228 1414 194 35 research
1463 1419 156 30 cannot
1661 1414 49 35 be

942 1468 220 36 unaffected
1183 1468 58 36 for
1258 1471 175 33 students
1449 1471 72 33 and
1539 1471 172 35 scholars

942 1523 47 44 by
1020 1524 69 35 the
1123 1524 161 46 quality
1313 1523 49 36 of
1384 1537 113 22 some
1528 1524 183 47 existing

942 1580 139 46 library
1107 1580 200 38 collection
1339 1583 76 33 and
1446 1581 263 36 laboratories.

940 1636 83 35 Our
1046 1636 170 35 scholars
1239 1636 74 35 and
1339 1638 175 35 students
1539 1638 172 44 produce

940 1704 19 22 a
1002 1698 145 41 strong
1186 1698 153 30 stream
1383 1691 46 36 of
1461 1693 246 46 significant

939 1748 280 36 contributions
1254 1756 39 28 to
1328 1750 378 44 knowledge-â€”often

940 1803 121 36 better
1079 1803 225 46 recognized
1321 1803 36 35 in
1375 1803 208 46 particular
1600 1805 110 35 Fields

939 1860 46 35 of
1035 1860 291 46 scholarsship
1383 1861 102 35 than
1545 1860 38 35 in
1638 1863 71 35 the

939 1915 230 46 university
1200 1915 128 36 itself.
1365 1915 38 35 If
1427 1915 69 35 the
1524 1915 113 36 titles
1666 1917 44 35 of

937 1972 191 35 doctoral
1169 1972 301 36 dissertations
1506 1972 39 35 in
1584 1972 91 35 Com-

939 2033 241 30 mencement
1206 2038 211 35 programs,
1441 2027 57 36 for
1518 2028 189 44 example,

939 2083 169 44 produce
1137 2094 47 24 no
1214 2094 106 24 more
1348 2083 93 35 than
1469 2094 20 24 a
1517 2083 110 36 relief
1650 2083 57 36 for

937 2139 115 36 ennui
1074 2145 39 30 to
1131 2139 208 36 distracted
1364 2139 342 36 Commencement

937 2194 227 36 celebrants,
1197 2194 25 36 it
1255 2195 91 35 does
1380 2202 65 28 not
1474 2197 139 33 reduce
1643 2197 63 33 the

1786 631 239 44 importance
2050 631 43 35 of
2113 631 107 35 these

1783 691 39 30 to
2157 688 55 35 No
2247 699 83 27 one,
2367 688 183 38 however,

1783 742 79 35 will
1902 753 126 35 argue
2061 743 91 35 that
2191 743 68 35 the
2291 743 186 36 exercise
2510 745 43 35 of

1783 798 175 35 research
1991 798 170 35 freedom
2192 800 49 44 by
2271 800 172 36 scholars
2472 802 76 35 and

1783 854 176 35 students
1978 854 33 35 in
2028 854 198 46 exploring
2241 855 63 35 the
2321 854 176 38 frontiers
2513 855 39 36 of

1784 909 243 47 knowledge
2052 910 101 35 does
2181 915 69 31 not
2276 923 50 24 on
2353 912 195 35 occasion

1783 967 170 43 produce
1994 967 268 35 commitment
2306 973 39 28 to
2387 967 164 44 projects

1783 1019 131 36 which
1957 1027 151 30 attract
2151 1022 69 35 the
2260 1022 209 36 attention
2509 1022 44 36 of

1786 1076 230 36 Proxmirish
2033 1077 209 44 pinpricks.

1835 1132 69 35 We
1948 1132 101 35 have
2093 1132 183 46 perhaps
2320 1140 38 28 at
2405 1134 143 35 Brown

1783 1186 189 36 shielded
2043 1187 69 36 the
2180 1189 195 35 students
2444 1189 106 36 from

1783 1243 269 47 recognizing
2090 1246 69 35 the
2198 1250 161 30 stature
2397 1244 47 36 of
2476 1257 76 24 our

1783 1298 153 46 faculty.
1964 1299 203 36 Measured
2195 1299 46 46 by
2261 1301 65 35 the
2351 1301 200 36 accolades

1781 1354 46 36 of
1850 1356 69 35 the
1950 1356 216 35 academic
2197 1356 255 46 profession,
2480 1357 69 35 the

1784 1411 131 35 Brown
1956 1409 140 46 faculty
2134 1411 27 35 is
2195 1411 280 46 distinguished
2513 1413 35 35 in

1783 1466 321 46 proportionate
2162 1468 200 36 numbers
2416 1468 132 35 which

1781 1521 146 36 reflect
1969 1523 69 35 the
2077 1523 96 44 high
2213 1523 243 44 reputation
2496 1535 54 24 we

1783 1589 159 35 possess.
1986 1578 102 36 Most
2129 1578 46 36 of
2206 1580 106 35 these
2348 1581 200 35 accolades

1781 1635 150 35 witness
1948 1635 65 35 the
2030 1635 187 44 scholarly
2235 1635 261 36 achievement
2512 1636 41 35 of

1780 1701 69 24 our
1887 1688 142 46 faculty
2063 1691 200 33 measured
2302 1690 33 35 in
2375 1691 173 35 research

1780 1745 296 39 contributions,
2104 1746 148 46 though
2282 1757 104 25 some
2416 1746 44 36 of
2479 1757 72 25 our

1781 1802 157 44 faculty
1978 1802 101 35 have
2117 1802 102 35 been
2258 1802 187 35 honored
2487 1802 61 36 for

1780 1857 151 46 equally
1961 1857 209 46 important
2200 1857 283 36 contributions
2512 1865 38 30 to

1781 1913 69 36 the
1893 1912 216 36 academic
2150 1912 318 46 responsibility
2507 1913 46 36 of

1780 1967 192 47 teaching.
1992 1969 55 35 No
2065 1980 74 24 one
2156 1969 123 35 would
2299 1975 151 41 suggest
2466 1970 82 35 that

1781 2036 19 22 a
1830 2024 162 35 diverse
2020 2022 159 46 faculty
2205 2024 47 35 of
2272 2036 113 22 some
2411 2024 80 36 450
2515 2025 33 35 is

1780 2080 151 46 equally
1975 2087 233 39 competent,
2252 2080 175 46 capable,
2472 2080 74 35 and

1780 2134 246 36 committed
2052 2142 41 28 to
2121 2135 236 35 excellence
2381 2134 36 36 in
2446 2137 101 35 both

1778 2191 180 46 teaching
1997 2192 72 35 and
2107 2192 250 44 scholarship.
2397 2192 66 35 We
2498 2192 50 35 do

1783 2247 154 38 believe,
2000 2246 202 36 however,
2269 2247 91 35 that
2428 2247 120 35 these

1780 2302 315 46 responsibilities
2126 2315 63 24 are
2219 2304 121 44 yoked
2375 2304 173 46 together

1780 2357 38 35 in
1844 2369 106 33 ways
1975 2357 132 35 which
2148 2359 87 46 defy
2263 2357 191 46 dividing
2477 2359 71 35 the

1778 2413 159 46 faculty
1969 2413 88 36 into
2088 2414 208 35 exclusive
2329 2416 145 35 orders
2504 2414 47 36 of

1776 2471 172 35 teachers
1965 2471 74 33 and
2057 2469 183 36 scholars.

1830 2524 197 36 Measures
2061 2524 46 35 of
2135 2528 154 33 student
2321 2526 222 36 distinction

1776 2583 93 33 have
1896 2581 139 44 always
2060 2581 219 38 abounded,
2309 2583 143 44 though
2482 2583 65 36 the

1775 2647 94 33 very
1896 2647 200 35 presence
2121 2638 46 33 of
2187 2649 121 33 many
2331 2649 216 24 measures

1775 2699 151 39 suggest
1961 2691 65 36 the
2058 2691 203 36 multitude
2291 2693 46 35 of
2359 2706 184 24 concerns

1776 2750 120 35 which
1928 2748 44 36 lie
2000 2750 139 35 behind
2165 2759 71 33 any
2261 2756 282 30 measurement

1776 2805 79 35 and
1896 2802 69 38 the
2000 2802 214 47 difficulty
2247 2803 47 36 of
2323 2805 220 47 confining

1775 2858 222 38 distinction
2020 2868 38 28 to
2079 2871 19 25 a
2121 2860 118 46 single
2261 2871 186 25 measure.
2471 2861 72 35 Are

1775 2926 54 24 we
1869 2915 227 36 interested
2137 2915 38 35 in
2211 2923 79 28 test
2324 2926 140 25 scores
2498 2928 46 24 or

1775 2970 225 39 references,
2044 2972 225 46 transcripts
2309 2984 41 24 or
2391 2973 153 36 relative

1775 3025 217 46 standing,
2025 3027 257 44 personality
2310 3038 46 25 or
2384 3027 156 46 special

1775 3083 118 36 skills,
1913 3082 148 47 writing
2083 3083 129 44 ability
2233 3096 43 22 or
2294 3083 175 46 capacity
2487 3083 58 36 for

1775 3139 250 46 scholarship,
2047 3139 268 46 geographical
2339 3140 140 44 origins
2501 3151 41 24 or

1773 3194 129 36 ethnic
1931 3197 76 33 and
2038 3195 178 44 minority
2244 3195 298 46 backgrounds?

1773 3252 80 33 The
1874 3261 145 24 answer
2039 3250 30 35 is
2090 3250 148 36 neither
2255 3263 74 24 one
2350 3263 69 24 nor
2435 3254 49 33 all
2502 3252 46 35 of

1773 3307 106 35 these
1901 3306 33 35 in
1957 3318 20 24 a
2000 3306 238 46 generalized
2261 3320 120 24 sense,
2405 3309 65 35 but
2494 3309 46 33 all

2620 639 74 35 and
2713 650 104 24 more
2835 650 38 24 as
2888 639 79 36 well
2984 639 69 36 will
3071 641 46 35 be
3132 639 121 38 raised
3272 641 36 36 in
3326 643 61 36 the

2619 696 216 36 evaluation
2863 696 43 36 of
2929 698 175 35 students
3129 698 173 46 entering
3326 698 61 36 the

2620 750 164 46 College,
2806 751 63 35 the
2890 751 202 36 Graduate
3110 751 135 36 School
3265 764 44 24 or
3326 754 61 35 the

2622 806 183 36 Medical
2835 808 213 44 Program.
3072 808 85 36 The
3183 809 203 35 standard

2620 863 310 43 undergraduate
2991 863 208 35 admission
3252 863 135 39 cliche.

2622 918 101 35 â€œthis
2748 918 31 35 is
2805 918 63 35 the
2894 926 162 38 greatest
3083 920 99 35 class
3206 920 124 38 ever,â€
3361 920 27 36 is

2620 973 77 35 also
2723 984 19 24 a
2767 973 135 36 truism
2928 975 102 35 since
3050 975 63 35 the
3135 986 195 24 measures
3348 975 39 35 of

2619 1036 217 38 greatness
2872 1041 68 22 are
2978 1030 228 35 undefined
3246 1030 38 35 in
3320 1031 68 35 the

2619 1083 132 36 cliche.
2783 1085 27 35 It
2835 1085 30 35 is
2890 1093 63 28 not
2980 1093 93 30 true,
3098 1087 183 38 however,
3306 1088 80 35 that

2619 1140 49 35 all
2693 1140 176 35 students
2893 1140 186 36 admitted
3101 1150 38 27 to
3164 1140 131 36 Brown
3318 1142 69 35 will

2619 1194 154 38 achieve
2798 1195 96 36 their
2918 1209 82 22 own
3025 1197 184 46 potential
3235 1198 88 35 here
3348 1209 39 24 or

2620 1252 36 35 in
2680 1250 99 38 their
2803 1254 235 44 subsequent
3060 1263 159 27 careers,
3241 1254 145 46 though

2620 1309 181 44 perhaps
2835 1309 88 35 that
2956 1320 77 24 can
3065 1310 49 33 be
3142 1309 88 36 said
3261 1309 47 36 of
3332 1310 54 35 all

2619 1364 176 36 students
2827 1365 137 43 always
2995 1364 36 35 in
3066 1365 61 35 the
3157 1365 164 36 absence
3350 1365 38 36 of

2619 1428 180 25 common
2835 1427 217 38 agreement
3085 1431 47 22 on
3167 1420 220 44 measuring

2619 1476 198 44 potential.

2674 1531 8 33 1
2707 1532 50 33 do
2783 1531 140 36 believe
2943 1542 52 25 we
3017 1532 93 35 have
3131 1543 19 24 a
3176 1532 211 44 University

2619 1586 120 35 which
2775 1586 146 46 aspires
2956 1594 36 28 to
3027 1594 195 39 greatness
3257 1589 76 33 and
3367 1600 20 22 a

2622 1641 211 46 University
2876 1644 124 33 whose
3044 1644 230 44 aspirations
3313 1644 71 35 will

2619 1698 150 44 always
2797 1698 47 35 be
2871 1698 173 36 marked
3072 1699 49 44 by
3148 1699 173 46 degrees
3345 1699 43 35 of

2617 1764 169 25 success
2809 1754 83 35 and
2918 1754 169 38 failure.
3113 1754 120 36 What
3261 1756 8 33 1
3298 1756 88 35 also

2619 1808 154 38 believe,
2798 1809 183 36 however,
3006 1809 28 36 is
3060 1809 79 36 that
3165 1809 131 36 Brown
3320 1811 68 35 has

2617 1863 198 36 achieved
2849 1865 115 35 since
3000 1865 101 35 17b4
3131 1877 17 22 a
3180 1877 91 33 very
3302 1865 85 36 fine

2619 1921 161 35 balance
2800 1920 44 36 of
2860 1920 175 38 interests
3054 1923 145 33 needed
3217 1929 38 28 to
3274 1923 110 33 fulfill

2617 1975 63 35 the
2712 1975 148 46 destiny
2891 1976 43 33 of
2962 1975 113 47 being
3107 1989 19 22 a
3161 1976 222 46 University.

2617 2031 142 35 Others
2786 2031 94 35 have
2907 2033 137 44 sought
3071 2039 38 28 to
3135 2033 88 35 take
3252 2033 131 36 Brown

2617 2088 107 35 down
2746 2098 72 25 one
2838 2088 93 44 path
2948 2098 44 25 or
3009 2088 161 35 another
3189 2088 46 44 by
3252 2099 77 35 way
3346 2088 41 35 of

2617 2140 184 38 excision
2835 2154 44 24 or
2912 2143 408 46 supplementation.
3356 2145 27 33 A

2617 2198 129 39 widely
2765 2200 87 33 read
2874 2200 153 35 student
3047 2208 126 38 report
3187 2200 47 36 of
3244 2200 139 36 several

2614 2263 107 35 years
2751 2265 71 35 ago
2852 2255 123 33 would
3008 2255 93 35 have
3131 2255 162 35 reduced
3321 2255 63 36 the

2619 2309 277 46 University's
2973 2310 291 38 commitment
3343 2320 39 28 to

2616 2367 186 43 graduate
2822 2365 205 36 education
3052 2367 72 35 and
3146 2367 186 35 research.
3354 2367 28 35 A

2617 2420 66 35 few
2713 2431 170 35 persons,
2913 2420 139 46 mainly
3079 2422 183 38 scholars,
3290 2424 94 35 have

2617 2477 113 44 urged
2765 2477 63 35 the
2865 2477 211 46 University
3107 2487 38 27 to
3178 2477 154 38 achieve
3365 2490 17 25 a

2614 2532 148 44 higher
2792 2532 243 46 expression
3069 2532 46 35 of
3142 2545 169 24 success
3343 2534 38 35 in

2614 2589 186 36 research.
2822 2589 99 36 Each
2939 2589 203 46 university
3157 2589 30 36 is
3200 2589 183 47 seriously

2614 2644 183 36 affected
2839 2646 46 43 by
2924 2644 50 36 its
3011 2646 206 44 heritage:
3252 2646 129 35 Johns

2617 2699 175 47 Hopkins
2809 2701 69 35 has
2894 2712 110 25 never
3022 2702 65 35 lost
3106 2702 63 35 the
3186 2702 142 46 impact
3345 2701 43 36 of

2613 2756 170 36 Gilman,
2811 2767 69 24 nor
2906 2756 172 46 Chicago
3102 2757 63 35 the
3192 2765 128 38 stamp
3342 2757 44 35 of

2616 2811 161 46 Harper,
2803 2824 66 24 nor
2896 2813 169 35 Harvard
3093 2814 63 35 the
3178 2813 143 47 impact
3343 2813 43 36 of

2616 2866 107 36 Eliot,
2743 2877 71 25 nor
2835 2868 131 35 Brown
2983 2868 63 36 the
3065 2869 260 36 contribution
3342 2869 44 36 of

2613 2934 19 24 a
2660 2923 184 46 Wayland
2869 2924 33 33 in
2926 2924 63 36 the
3016 2926 80 35 19th
3120 2932 159 38 century
3298 2935 41 25 or
3361 2935 20 25 a

2614 2976 164 38 Wriston
2797 2980 72 33 and
2887 2991 20 22 a
2928 2978 151 46 Keeney
3094 2980 33 33 in
3146 2981 61 35 the
3225 2980 101 36 20th.

2665 3036 131 33 Brown
2824 3035 27 36 is
2877 3036 142 35 forever
3043 3036 156 35 wedded
3222 3044 38 28 to
3282 3036 96 35 what

2611 3090 68 36 the
2746 3090 202 44 Advisory
3009 3090 255 36 Committee
3328 3104 49 22 on

2614 3146 211 46 University
2871 3148 187 44 Planning
3104 3150 102 43 Long
3250 3148 129 44 Range

2614 3202 203 46 Planning
2852 3202 255 36 Committee
3140 3203 135 35 called
3312 3205 68 35 the

2614 3258 372 46 Unversity-College
3016 3260 176 35 Balance.
3224 3260 65 35 We
3317 3271 63 24 arc

2609 3313 246 36 committed
2887 3323 38 27 to
2951 3315 69 35 the
3044 3315 132 35 belief
3195 3315 87 35 that
3310 3315 69 35 the

3461 647 145 46 quality
3638 647 46 36 of
3715 649 169 38 Brown's
3920 652 306 46 undergraduate

3460 702 203 36 education
3680 704 30 35 is
3724 704 180 46 seriously
3921 706 162 35 affected
4104 706 44 46 by
4165 707 60 35 the

3461 757 143 46 quality
3627 759 44 33 of
3688 759 44 35 its
3756 762 170 33 research
3948 762 112 35 effort
4083 764 72 33 and
4181 764 44 35 its

3460 814 186 44 graduate
3688 814 217 36 education.
3954 817 63 33 We
4063 817 162 36 likewise

3461 869 156 35 believe
3671 871 88 35 that
3811 871 69 35 the
3934 872 187 44 peculiar
4165 874 38 33 ef-

3461 923 220 36 fectiveness
3699 924 47 35 of
3757 937 69 22 our
3846 926 139 46 faculty
4003 928 77 35 How
4091 940 14 24 s
4126 929 94 35 from

3461 980 44 35 its
3532 980 150 46 unitary
3706 981 198 46 principle,
3929 983 71 36 i.e..
4027 984 44 35 its
4094 992 131 38 strong

3458 1035 265 36 commitment
3756 1044 36 27 to
3806 1041 91 35 both
3917 1041 309 47 undergraduate

3460 1091 74 33 and
3562 1093 187 41 graduate
3775 1093 217 38 education,
4017 1106 39 24 as
4080 1096 77 35 well
4183 1107 43 24 as

3460 1145 44 36 its
3521 1146 132 36 honest
3677 1150 71 33 and
3770 1159 98 33 open
3883 1150 176 36 devotion
4079 1157 36 28 to
4131 1150 90 36 both

3460 1202 241 46 scholarship
3713 1203 72 35 and
3806 1205 187 46 teaching.

3520 1257 79 35 Ibis
3624 1258 28 35 is
3677 1271 19 22 a
3721 1260 82 46 plea
3827 1260 57 36 for
3904 1261 80 36 that
4008 1263 173 35 balance,
4200 1272 19 25 a

3460 1313 83 44 plea
3562 1315 79 35 that
3661 1315 65 35 the
3742 1315 195 36 weakness
3954 1315 44 36 of
4009 1328 72 35 any
4098 1318 77 35 unit
4195 1318 28 35 is

3458 1380 19 24 a
3496 1369 121 36 threat
3638 1376 38 28 to
3691 1370 65 36 the
3770 1372 159 35 survival
3946 1373 35 33 in
3998 1375 167 44 strength
4183 1375 43 35 of

3458 1425 66 35 the
3573 1425 236 46 University
3852 1438 44 24 as
3939 1438 19 25 a
4002 1427 143 36 whole.
4192 1430 28 33 A

3457 1480 219 36 reduction
3709 1480 38 35 in
3775 1483 69 33 the
3869 1483 189 46 strength
4087 1483 46 36 of
4154 1485 68 36 the

3457 1535 220 36 Graduate
3707 1539 148 35 School
3887 1539 79 35 will
3995 1539 128 36 affect
4153 1540 68 35 the

3457 1592 161 44 quality
3672 1592 47 35 of
3769 1595 191 35 research
4016 1597 80 33 and
4153 1597 68 35 the

3454 1647 225 36 character
3706 1649 47 33 of
3776 1649 47 35 of
3847 1649 254 38 instruction
4131 1652 38 33 in
4200 1663 19 24 a

3454 1702 257 36 curriculum
3764 1706 244 36 committed
4063 1715 39 27 to
4153 1709 68 33 the

3457 1761 220 43 presumed
3712 1761 260 46 advantages
4000 1762 46 35 of
4069 1764 148 35 shared

3455 1816 517 46 graduate-undergraduate
3997 1828 164 25 courses.
4189 1819 28 35 A

3452 1869 354 46 disproportionate
3824 1871 169 36 increase
4011 1872 33 35 in
4066 1874 63 35 the
4145 1874 74 36 size

3452 1924 44 35 of
3521 1926 63 35 the
3611 1926 143 44 college
3780 1926 156 38 without
3964 1928 191 38 reference
4181 1939 36 27 to

3454 1981 61 35 the
3543 1981 74 36 size
3643 1983 44 35 of
3707 1984 65 35 the
3794 1984 200 35 Graduate
4017 1984 134 35 School
4176 1997 43 22 or

3454 2038 63 35 the
3550 2039 169 38 Medical
3753 2043 178 46 Program
3962 2044 69 36 will
4061 2046 96 35 alter
4186 2046 33 35 in

3452 2093 91 38 time
3561 2094 63 38 the
3643 2098 202 35 character
3857 2098 43 35 of
3910 2099 61 35 the
3989 2099 139 39 faculty
4143 2102 76 35 and

3452 2148 61 36 the
3535 2148 164 36 llavorof
3717 2150 61 35 the
3797 2150 243 35 curriculum.
4071 2151 69 35 The
4159 2153 54 35 via

3452 2203 124 35 media
3595 2205 44 33 of
3654 2205 161 35 balance
3833 2205 28 35 is
3877 2213 63 30 not
3957 2206 61 36 the
4035 2206 131 36 choice
4178 2208 43 35 of

3452 2260 146 35 neutral
3625 2261 113 36 nulls;
3765 2261 157 35 balance
3950 2263 25 33 is
4000 2263 30 33 in
4057 2263 72 35 fact
4154 2263 61 35 the

3452 2323 102 27 most
3583 2315 189 36 difficult
3797 2318 91 44 goal
3915 2318 129 35 which
4074 2320 104 33 Brow
4194 2332 19 22 n

3452 2370 225 46 university
3713 2384 77 22 can
3828 2375 220 35 establish.
4090 2375 124 44 Many

3452 2425 200 46 priorities,
3685 2427 142 36 limited
3860 2439 205 25 resources,
4091 2431 74 35 and
4195 2443 19 24 a

3449 2480 156 46 striving
3636 2483 58 33 for
3723 2485 214 35 excellence
3967 2485 178 36 combine
4176 2496 38 27 to

3450 2539 191 36 threaten
3671 2540 203 44 seriously
3901 2551 76 24 our
4002 2542 146 44 ability
4175 2551 39 27 to

3449 2592 169 36 achieve
3655 2595 191 35 balance.
3887 2597 60 35 No
3981 2598 231 44 particular

3449 2652 197 33 numbers
3652 2652 241 36 â€”whether
3943 2654 46 33 of
4041 2654 170 46 faculty,

3446 2706 189 36 students,
3654 2706 187 38 facilities,
3860 2720 41 22 or
3917 2709 142 36 dollars
4061 2721 148 25 â€”area

3446 2769 231 36 guarantee
3704 2762 49 35 of
3775 2764 217 46 achieving
4020 2765 189 36 balance.

3449 2816 156 46 Equally
3630 2827 80 27 true
3739 2819 28 35 is
3789 2820 63 33 the
3871 2822 238 44 assumption
4129 2824 79 35 that

3446 2883 19 24 a
3494 2871 214 49 disregard
3742 2874 60 35 for
3830 2876 52 35 all
3912 2877 197 35 numbers
4132 2879 77 33 will

3444 2935 126 30 create
3600 2931 118 35 chaos
3746 2932 43 33 of
3816 2932 134 43 primal
3980 2932 228 36 dimension.

3447 2984 150 44 History
3630 2984 68 35 has
3731 2986 151 35 handed
3918 2995 38 27 to
3987 2987 129 35 Brown
4148 2991 61 35 the

3444 3038 146 46 destiny
3617 3041 44 33 of
3687 3054 17 20 a
3739 3041 225 46 University;
3992 3044 109 35 those
4128 3046 82 33 who

3444 3106 63 25 arc
3532 3096 85 35 here
3646 3098 54 33 lor
3721 3098 146 35 shorter
3888 3110 41 22 or
3953 3099 126 44 longer
4102 3099 107 35 times

3444 3151 93 33 have
3564 3162 47 22 no
3638 3162 148 33 greater
3813 3154 279 44 responsibility
4117 3157 90 33 than

3444 3216 41 25 to
3526 3208 151 35 enable
3723 3209 140 33 Brown
3910 3219 39 25 to
3995 3209 74 35 live
4112 3222 71 24 con-

3443 3263 213 43 structively
3690 3263 87 36 with
3814 3265 46 35 its
3896 3265 176 36 tradition
4113 3279 36 22 as
4186 3280 19 20 a

3446 3317 224 36 University.

117 2291 146 154 A
309 2291 603 159 fortune
959 2293 153 154 in
1162 2296 408 156 hand

228 2539 220 33 Continued
461 2535 101 35 from
578 2534 101 38 Page
694 2534 16 33 1

1532 167 104 35 BRO
1649 167 79 33 WN
1740 165 121 35 PAIL
1871 165 31 33 Y
1915 165 222 35 HERALD.
2154 167 206 35 FRIDAY,
2381 167 246 38 OCTOBER
2646 169 52 36 13.
2721 169 93 36 1978

4109 176 117 33 5

1123 4430 217 46 United
1351 4433 135 54 Way

1046 4487 169 33 Thanks
1228 4490 49 30 bo
1290 4496 87 30 you
1386 4491 33 30 It
1428 4493 139 31 works

1183 4529 68 30 for
1260 4531 49 30 all
1320 4531 52 31 of
1380 4539 63 24 us.

165 4750 427 391 H

668 4855 299 77 Phobia:
1006 4854 554 99 Psychological

798 4975 153 76 and

671 5102 680 99 Pharmacological

658 5238 472 69 Treatments

304 5430 126 61 The
466 5431 198 60 Butler
698 5435 272 74 Hospital
1009 5435 104 60 Fall
1150 5438 392 74 Symposium

704 5576 290 60 October
1027 5581 87 66 27,

743 5701 118 72 Ray
896 5699 123 60 Hall

466 5872 219 46 Approved
704 5872 60 39 for
780 5877 22 35 3
822 5877 69 39 1/2
909 5877 131 36 Hours
1055 5877 200 44 Category
1276 5877 16 35 1

751 5931 102 36 CME
871 5929 154 38 Credits

463 6044 265 44 Registration
748 6052 230 33 necessary.
995 6038 83 41 Call
1096 6039 202 38 456-3750

569 6104 175 38 Student
759 6106 220 36 Discounts
997 6102 213 39 Available

661 6274 180 38 BUTLER
860 6272 239 38 HOSPITAL

526 6342 72 35 345
617 6340 315 36 BLACKSTONE
948 6339 306 38 BOULEVARD

457 6400 329 43 PROVIDENCE,
802 6402 169 36 RHODE
991 6402 178 36 ISLAND
1192 6397 131 36 02906

2194 3498 696 143 BROWN
2953 3499 361 142 PRO
3369 3499 483 145 SHOP

2734 3679 496 96 863-2051

2776 3817 398 98 TENNIS

2663 3953 658 123 SALE

2150 4150 400 57 BANCROFT

2047 4282 47 47 â€¢
2146 4277 375 58 ENFORCER

2044 4381 46 49 â€¢
2142 4372 517 63 COMPETITION

2583 4476 184 58 AND
2803 4474 261 58 MANY
3099 4472 317 61 OTHERS

2151 4548 290 58 WILSON

2050 4683 47 49 â€¢
2146 4677 471 57 ADVANTAGE

2054 4778 46 47 â€¢
2150 4776 306 60 Tâ€”3ooo

2584 4876 184 58 AND
2806 4876 260 58 MANY
3102 4876 317 60 OTHERS

2154 4951 217 58 DAVIS

2054 5068 47 46 â€¢
2159 5071 191 57 DUKE

2055 5183 46 47 â€¢
2154 5170 321 66 CLASSICS
2509 5175 33 72 (I
2580 5181 47 55 &
2661 5175 55 72 II)

3502 4154 236 55 RETAIL

3504 4272 235 79 (50.00)

3502 4373 228 76 (45.00)

3502 4671 239 77 (60.00)

3504 4776 236 77 (50.00)

3498 5065 233 77 (65.00)

3496 5167 244 77 (60.00)

3918 4159 161 54 SALE

3906 4287 173 55 31.00

3899 4384 186 54 28.00

3901 4685 181 55 35.00

3906 4787 175 55 31.00

3891 5085 192 55 40.00

3909 5184 181 54 35.00

2578 5283 184 57 AND
2798 5282 263 57 MANY
3096 5279 317 61 OTHERS

2376 5375 282 58 GARCIA
2694 5405 22 9 -
2757 5375 310 58 DUNLOP
3104 5405 22 8 -
3159 5375 477 58 ACCESSORIES

2298 5543 578 120 BROWN
2948 5543 301 120 PRO
3317 5543 402 120 SHOP

2569 5702 126 94 10
2745 5701 195 96 AM
2991 5753 39 19 -
3082 5702 61 94 2
3194 5701 173 96 PM

2162 5805 16 35 v

2126 5882 545 96 TRETORN
2724 5883 562 96 SNEAKERS
3513 5887 285 93 15.00

2759 6009 208 77 (Retail
3003 6009 209 77 22.00)

1913 6370 159 58 PRO
2109 6369 217 58 SHOP

1893 6461 438 58 ENTRANCE

2510 6148 353 60 MEEHAN
2898 6150 546 60 AUDITORIUM

2417 6233 1131 277 roi

2638 6540 230 60 MAIN
2902 6540 436 61 ENTRANCE

3724 6181 343 60 SKATERS

3620 6274 5 80 ]
3677 6274 431 60 ENTRANCE

3690 6370 217 58 OPEN
3943 6370 110 58 AT

3669 6471 145 57 ALL
3849 6469 231 58 TIMES
