4393 6800
192 2328 79 36 The
291 2328 101 36 week
416 2328 142 38 before,
580 2328 150 36 Roland
750 2339 74 24 was
841 2332 68 30 out

145 2383 93 36 with
277 2384 68 35 the
380 2381 58 36 flu
476 2384 80 35 and
592 2384 169 44 backup
795 2383 113 46 Tony

146 2438 132 35 Sciolla
304 2438 225 46 engineered
551 2450 22 24 a
594 2439 184 46 stunning
798 2446 110 39 upset

143 2494 44 35 of
209 2490 154 50 Lehigh,
392 2501 35 30 at
454 2496 63 35 the
540 2494 93 36 time
654 2496 65 35 the
743 2494 165 36 nation's

143 2556 66 39 top
236 2550 169 36 Division
435 2551 63 35 I-A
523 2557 113 28 team.
663 2551 246 44 Fortunately

145 2605 58 36 for
231 2606 146 39 Brown,
406 2606 102 35 Penn
535 2619 69 22 can
635 2617 65 24 use
724 2606 87 46 only
836 2619 72 24 one

145 2663 255 46 quarterback
420 2668 36 30 at
479 2674 20 24 a
521 2663 102 35 time.
644 2663 93 35 This
757 2663 102 35 week
882 2663 25 36 it

143 2718 71 35 will
238 2720 46 35 be
312 2720 161 39 Roland,
498 2720 82 35 who
600 2720 157 35 doubles
783 2731 38 24 as
844 2720 65 36 the

143 2776 135 35 team's
293 2783 150 38 punter.

198 2831 99 33 Penn
331 2831 71 33 will
433 2844 46 31 go
509 2831 85 43 only
624 2844 39 22 as
693 2831 55 33 far
780 2843 41 24 as
850 2831 58 36 it’s

146 2887 164 46 running
340 2898 112 35 game
482 2887 71 35 will
584 2888 90 35 take
706 2887 38 38 it.
780 2888 128 35 Coach

148 2942 120 46 Harry
293 2942 164 36 Gamble
482 2942 206 36 maintains
712 2943 82 35 that
819 2943 90 36 ‘The

146 2998 191 36 wishbone
356 3000 66 35 has
438 3000 96 35 been
550 3000 96 46 good
663 3003 38 33 to
718 3011 43 24 us
762 2998 145 36 —we’ll

146 3055 83 43 only
250 3055 118 35 throw
387 3055 31 33 if
431 3066 52 24 we
501 3055 94 35 have
611 3060 52 30 to.
683 3055 66 35 but
769 3066 52 24 we
838 3066 71 24 can

197 3165 83 35 One
298 3165 43 35 of
354 3167 63 35 the
435 3165 135 36 team’s
587 3172 66 39 top
672 3167 151 35 rushers
843 3167 68 35 has

148 3220 99 35 been
280 3220 93 36 first
402 3227 109 30 team
543 3220 145 44 all-Ivy
718 3220 192 35 fullback

148 3277 117 35 Denis
288 3277 227 38 Grosvenor,
539 3277 82 35 who
641 3277 176 35 amassed
846 3277 60 35 151

148 3332 109 43 yards
276 3343 47 24 on
346 3332 46 35 36
411 3332 139 36 carries
570 3332 71 36 last
661 3343 87 33 year
765 3337 38 31 to
820 3332 90 36 beat

148 3387 143 35 Brown.
312 3387 80 35 The
408 3387 137 35 Bruins
562 3387 118 46 might
696 3387 96 35 have
806 3400 104 22 some

143 3444 106 44 good
356 3455 106 24 news
565 3443 169 47 coming
838 3455 71 35 up,

143 3498 417 46 though—Grosvenor
584 3498 69 35 has
679 3499 93 33 been
795 3498 115 47 ailing

148 3554 72 35 and
254 3553 66 35 has
332 3559 60 39 yet
420 3559 41 30 to
493 3554 167 46 practice
690 3554 76 35 this
792 3554 117 35 week.

150 3609 170 36 Without
357 3609 63 35 the
455 3609 63 46 big
553 3609 184 38 fullback,
775 3611 135 35 Penn's

148 3663 337 47 record-breaking
510 3665 157 46 rushing
690 3676 110 35 game
827 3676 83 33 may

146 3731 47 35 go
206 3720 109 35 down
331 3720 66 35 the
409 3720 121 36 drain.

197 3775 164 35 Gamble
391 3776 200 44 expressed
619 3786 164 25 concern
800 3780 36 31 at
854 3776 57 35 his

145 3830 135 36 team's
298 3836 208 39 opponent.
529 3830 39 33 “I
587 3830 82 35 find
688 3830 25 36 it
734 3831 176 46 amazing

145 3887 82 36 that
263 3887 131 35 Brown
430 3887 88 35 isn't
865 3888 46 35 he

146 3942 236 46 explained.
425 3942 99 44 “My
559 3942 175 46 opinion
770 3942 140 36 hasn’t

146 3998 170 44 changed
340 4008 72 24 one
435 3997 77 36 iota
512 3998 66 33 —I
602 3997 72 36 still
696 3997 110 36 think
827 3998 83 36 that

148 4054 131 35 Brown
306 4054 72 35 and
406 4054 90 35 Yale
518 4063 63 25 are
600 4054 65 36 the
685 4054 83 36 best
789 4058 121 31 teams

146 4109 35 35 in
197 4109 74 36 this

198 4164 283 46 “Individually
540 4165 72 35 and
668 4165 243 44 collectively,

148 4220 142 35 Brown
329 4220 33 35 is
398 4230 50 25 an
487 4220 205 35 excellent
731 4220 180 35 football

323 4276 206 36 continued
565 4276 65 36 the
663 4276 129 46 eighth
825 4287 85 33 year

148 4332 170 41 Quaker
359 4332 146 36 coach,
732 4332 178 35 balance

153 4389 137 35 makes
323 4387 110 36 them
465 4398 20 24 a
513 4387 189 36 difficult
731 4394 109 28 team
871 4392 39 30 to

200 4501 154 36 Indeed,
386 4499 63 36 the
482 4499 137 35 Bruins
646 4499 50 33 do
726 4499 93 33 have
847 4499 63 33 the

150 4567 216 35 weaponry
413 4561 41 30 to
502 4556 167 43 destroy
717 4565 79 31 any
838 4565 49 33 op-

150 4617 143 41 ponent
296 4611 135 44 —they
487 4611 288 35 demonstrated
828 4611 82 35 that

151 4669 68 35 last
239 4668 101 35 week
362 4666 148 46 against
534 4666 197 35 Princeton
735 4666 121 35 —but
872 4671 38 30 to

150 4724 50 35 do
217 4735 54 25 so,
288 4724 85 44 they
392 4728 99 31 must
509 4723 145 35 remain
671 4721 151 46 healthy
838 4721 72 36 and

153 4780 106 36 avoid
283 4778 65 36 the
373 4784 198 30 turnovers
594 4776 85 36 that
706 4781 79 31 cost
808 4776 102 36 them

150 4836 98 36 their
261 4835 80 36 first
357 4841 72 30 two
444 4846 142 33 games.

203 4890 109 35 Penn
356 4890 79 35 had
479 4890 69 35 the
592 4899 113 25 same
746 4888 169 36 trouble

153 4946 146 46 against
335 4946 247 38 Dartmouth,
619 4946 66 35 but
721 4956 121 24 seems
877 4950 38 30 to

153 5003 91 35 have
269 5002 132 35 settled
428 5002 112 35 down
567 5000 35 35 in
628 5003 126 33 recent
778 5000 135 35 weeks.

153 5057 79 36 The
252 5057 258 35 sure-handed
532 5055 217 36 Grosvenor
765 5066 88 33 may
869 5055 46 35 be

153 5113 137 36 missed
310 5112 36 35 in
362 5110 76 38 this
457 5115 159 43 respect,
635 5110 135 38 should
786 5110 49 35 he
849 5115 66 30 not

154 5170 94 44 play.
274 5169 167 35 Gamble
463 5169 30 35 is
510 5178 82 25 sure
605 5172 39 31 to
665 5165 49 38 be
732 5167 184 44 counting

153 5236 47 25 on
225 5224 63 36 the
313 5222 186 39 fullback,
523 5222 157 46 though,
709 5222 74 35 and
808 5233 109 24 come

154 5290 109 36 game
282 5279 106 39 time,
408 5280 80 35 he’s
509 5290 20 25 a
550 5280 98 44 good
669 5279 61 36 bet
751 5282 41 33 to
811 5279 49 35 be
879 5277 38 35 in

153 5335 117 36 there.

206 5392 131 35 Brown
357 5391 74 36 and
454 5391 99 35 Penn
575 5391 90 36 both
685 5389 93 36 have
792 5400 128 35 young

154 5446 194 36 defenses
375 5446 91 35 that
494 5446 80 33 will
603 5446 49 35 be
683 5444 139 46 facing
852 5455 44 25 ex-

156 5502 198 47 perienced
375 5502 181 39 offenses,
575 5513 39 24 so
633 5501 25 36 it
677 5501 30 36 is
724 5507 66 30 not
809 5499 110 46 likely

154 5564 43 31 to
228 5559 47 35 be
307 5569 22 25 a
359 5556 216 36 defensive
605 5557 146 35 battle.
786 5556 39 35 If
849 5556 71 36 the

157 5614 135 38 Bruins
324 5627 71 24 can
427 5619 61 43 get
520 5625 47 25 on
597 5619 66 41 top
693 5613 110 47 early,
833 5613 88 44 they

157 5683 85 33 may
257 5671 80 36 well
357 5676 79 39 stay
449 5671 117 36 there.
586 5669 156 46 Despite
757 5680 22 25 a
792 5669 129 36 rather

157 5729 230 36 lackluster
417 5728 246 46 beginning,
691 5726 72 38 the
792 5724 129 36 Bruin

157 5786 208 43 secondary
397 5783 28 38 is
454 5783 74 38 still
556 5783 203 46 top-notch
789 5781 76 36 and
894 5780 30 36 if

157 5843 63 36 the
246 5841 176 41 Quakers
446 5850 61 25 are
531 5839 128 35 forced
683 5844 39 30 to
740 5838 134 39 throw,
896 5838 27 35 it

157 5898 113 36 could
287 5896 46 35 be
348 5907 20 24 a
383 5896 88 46 long
485 5893 76 47 trip
575 5893 99 38 back
687 5898 39 33 to
745 5893 129 46 Philly.

326 5957 14 13 ■
510 5957 2 13 i

151 170 545 157 Brown
739 170 592 157 hooters
1375 169 331 159 face
1751 169 672 194 Quakers

148 386 153 157 in
348 386 268 192 Ivy
663 386 584 192 League
1296 386 498 157 action
1843 384 583 194 tonight

211 611 52 46 By
279 611 228 35 ANDREW
523 609 317 36 GREENBERG

206 663 148 38 “We're
383 668 36 33 in
444 666 107 46 good
575 666 121 46 shape
721 668 79 35 and
824 668 94 36 have

153 721 113 46 really
301 721 93 36 been
427 723 156 46 playing
619 723 82 35 well

153 776 101 46 Cliff
255 776 219 39 Stevenson,
490 778 137 35 Brown
644 791 131 24 soccer
789 780 117 35 coach

205 830 113 39 “This
337 836 28 33 is
384 847 22 22 a
422 835 214 46 struggling
654 843 99 28 team
773 838 80 33 and
865 849 54 24 we

143 890 83 44 just
250 890 151 35 haven't
425 890 94 35 been
539 890 157 46 playing
715 902 85 35 very
816 891 102 46 good

151 946 156 39 soccer.'
323 946 115 35 --Bob
465 946 165 39 Seddon,
658 948 107 35 Penn
789 959 129 25 soccer

151 1003 128 33 coach.

283 1057 139 35 should
446 1057 47 35 be
513 1071 22 22 a
557 1065 109 38 great
685 1058 63 46 Ivy
764 1060 153 44 League

151 1113 139 35 match.
506 1113 217 38 Stevenson,
778 1115 137 35 Brown

151 1180 129 24 soccer
291 1169 129 35 coach.

200 1224 121 35 When
348 1225 132 33 Brown
506 1236 156 35 squares
685 1225 63 36 off
765 1227 150 46 against

151 1280 102 35 Penn
271 1285 39 30 at
328 1280 112 35 home
458 1280 162 44 tonight,
638 1280 25 35 it
679 1280 137 35 should
835 1280 44 35 be
896 1293 20 24 a

148 1340 106 39 great
279 1334 140 36 match.
450 1334 36 36 If
506 1335 65 35 the
598 1335 135 36 Bruins
762 1337 87 46 play
876 1348 38 25 as

148 1391 79 35 well
261 1403 39 24 as
332 1391 87 46 they
449 1391 65 36 did
545 1398 38 28 at
613 1392 200 36 Princeton
844 1394 69 35 last

151 1446 197 46 Saturday,
381 1446 98 36 their
506 1447 269 46 performance
803 1449 110 35 alone

150 1502 79 35 will
258 1502 120 35 make
408 1502 205 47 tonight's
638 1515 120 35 game
783 1506 131 35 worth

148 1559 220 44 watching.
400 1559 49 35 At
476 1559 69 35 the
567 1570 113 24 same
706 1559 115 39 time,
844 1559 69 36 the

150 1613 191 43 Quakers
375 1625 68 25 are
474 1614 176 46 capable
682 1614 47 36 of
756 1614 65 36 far
849 1627 44 24 ex-

148 1669 156 46 ceeding
321 1671 186 36 Seddon’s
523 1671 206 46 appraisal.

200 1726 236 46 According
471 1731 43 31 to
548 1726 200 36 assistant
783 1728 129 35 coach

150 1781 176 36 Dominic
362 1783 134 38 Stasia,
535 1784 131 33 “Penn
699 1783 28 36 is
761 1794 22 25 a
811 1786 101 43 good

151 1844 98 30 team
296 1838 159 44 They're
476 1844 65 28 not
556 1849 41 24 as
611 1838 252 47 outstanding
879 1852 39 24 as

153 1906 39 24 m
222 1899 91 41 past
343 1906 134 35 years,
507 1896 76 35 but
608 1896 123 35 could
759 1896 83 35 still
871 1896 47 35 be

197 2003 80 36 The
312 2005 176 39 Quakers
523 2006 94 35 have
647 2006 266 35 considerable

983 609 183 36 offensive
1200 611 184 44 strength.
1422 611 197 35 Forwards
1654 611 93 36 Nick

983 663 217 38 Pietrowski
1227 665 52 36 'Bl
1309 666 74 35 and
1409 666 98 35 Sean
1531 666 216 38 O'Donnell

983 720 66 33 '79
1071 720 173 46 provide
1268 732 20 24 a
1312 721 167 47 scoring
1506 721 128 36 threat
1646 723 99 43 that,

983 776 206 35 Stevenson
1217 778 198 38 observed,
1591 778 94 36 have
1710 786 36 30 to

981 831 96 46 keep
1094 833 121 35 under
1230 835 145 33 control
1392 838 39 31 to

1033 888 167 46 Perhaps
1224 890 135 35 Penn’s
1380 896 164 39 greatest
1564 898 98 30 asset
1680 891 28 36 is
1728 902 19 25 a

981 943 106 35 solid
1139 946 80 33 and
1271 946 164 44 usually
1482 948 265 44 dependable

980 1000 167 35 defense.
1183 1002 132 35 Senior
1343 1002 121 44 goalie
1496 1003 99 35 Brad
1627 1003 120 41 Hunt,

981 1055 154 35 Seddon
1151 1055 94 39 said,
1375 1068 49 24 on
1439 1057 63 35 the
1517 1058 120 35 whole
1654 1058 93 35 been

980 1110 151 47 playing
1151 1123 85 35 very
1254 1113 77 35 well
1350 1113 77 35 this
1443 1124 99 35 year,
1562 1115 184 46 although

980 1167 49 35 he
1054 1167 69 36 did
1153 1169 102 35 have
1282 1178 20 25 a
1331 1169 79 35 bad
1438 1180 120 35 game
1583 1170 164 46 against

980 1222 142 46 Lehigh
1137 1224 216 46 Tuesday.”

1030 1279 117 35 Hunt
1183 1279 33 36 is
1254 1280 233 44 supported
1526 1280 49 44 by
1605 1280 142 46 junior

976 1332 249 36 defensemen
1254 1335 134 36 Carlos
1417 1335 99 36 Caro
1545 1339 74 35 and
1646 1337 101 36 Glen

980 1389 123 36 Etten.
1137 1391 96 36 Both
1263 1403 63 24 are
1357 1392 113 46 quick
1499 1394 76 35 and
1603 1394 143 35 skillful

978 1446 161 44 players;
1175 1446 145 36 neither
1348 1447 30 35 is
1409 1447 109 46 likely
1548 1455 38 30 to
1616 1450 46 35 be
1691 1450 36 35 in-

976 1501 202 36 timidated
1195 1502 47 44 by
1255 1504 65 35 the
1337 1504 117 35 Bruin
1471 1504 101 38 front
1589 1506 85 36 line.

1052 1561 120 36 Given
1187 1561 107 35 these
1310 1561 216 38 attributes,
1540 1561 106 38 then,
1663 1561 83 46 why

976 1613 94 35 have
1096 1614 65 35 the
1187 1614 178 41 Quakers
1392 1616 132 46 played
1554 1617 131 46 poorly
1709 1617 36 36 in

976 1669 107 35 their
1107 1671 77 36 last
1209 1671 117 36 three
1350 1677 187 31 contests
1559 1674 187 46 (against

980 1724 173 47 Rutgers,
1192 1726 217 39 Columbia,
1450 1729 72 35 and
1565 1729 180 41 Lehigh)?

1031 1786 120 35 After
1192 1786 208 44 watching
1444 1786 109 35 Penn
1595 1786 74 35 fall
1709 1791 43 30 to

981 1839 219 39 Columbia,
1247 1841 124 35 Stasia
1417 1841 202 46 explained
1663 1841 88 46 they

983 1898 145 35 moved
1165 1898 71 35 the
1272 1898 85 35 ball
1395 1896 124 46 fairly
1551 1898 93 39 well,
1685 1899 66 33 but

981 1951 151 36 weren’t
1151 1964 41 24 as
1209 1951 173 36 cohesive
1402 1964 39 24 as
1458 1964 20 24 a
1493 1957 102 30 team
1609 1953 139 35 should

983 2008 57 35 be.
1074 2008 102 44 They
1206 2008 72 35 still
1310 2009 94 33 need
1435 2013 39 31 to
1502 2008 107 36 settle
1641 2009 107 35 down

983 2063 72 35 and
1077 2063 102 35 work
1200 2069 63 28 out
1283 2074 104 24 some
1408 2063 194 46 problems
1619 2074 49 24 on
1688 2063 63 35 the

983 2118 101 35 field.

986 2159 195 43 Quakers
1217 2169 68 24 are
1320 2157 88 35 also
1441 2157 181 41 severely
1654 2159 76 35 han-

1825 611 211 44 dicapped
2137 611 50 44 by
2285 611 309 46 inexperience.

1825 665 269 38 Graduation
2145 668 80 35 and
2274 679 50 24 an
2372 668 137 46 injury
2554 672 39 33 to

1825 721 231 46 sophomore
2077 723 173 35 fullback
2272 724 110 44 Andy
2405 724 189 46 Donnally

1825 776 93 36 have
1940 778 137 46 helped
2099 780 164 35 unsettle
2285 780 63 35 the
2369 784 102 30 team
2493 780 101 36 since

1827 835 61 35 the
1904 835 209 46 beginning
2128 835 44 35 of
2181 835 65 36 the
2258 846 151 25 season.

1877 890 146 38 Brown,
2060 901 47 24 on
2140 890 63 36 the
2236 890 110 36 other
2378 891 118 41 hand,
2529 904 44 36 ap-

1827 957 109 33 pears
1969 951 41 30 to
2044 946 96 35 have
2172 948 131 44 staged
2335 948 63 35 the
2430 954 164 39 greatest

1824 1003 287 35 turn-around
2135 1002 113 36 since
2272 1003 69 35 the
2367 1003 87 35 Bad
2479 1005 115 35 News

1827 1057 128 35 Bears.
1984 1057 90 35 Two
2104 1057 121 36 weeks
2255 1069 83 35 ago,
2367 1058 63 35 the
2458 1058 135 36 Bruins

1825 1112 146 46 played
2030 1113 173 46 terribly
2261 1113 41 35 in
2357 1115 113 44 tying
2524 1115 69 36 the

1827 1165 211 46 University
2054 1165 46 35 of
2110 1167 135 35 Rhode
2261 1167 140 35 Island.
2431 1167 162 44 Against

1825 1220 239 41 Princeton,
2113 1222 200 41 however,
2362 1224 230 35 Stevenson

1824 1279 203 43 revamped
2054 1277 55 35 his
2134 1277 146 46 line-up
2306 1279 74 35 and
2406 1277 140 36 fielded
2572 1290 22 24 a

1824 1332 150 36 smooth
2008 1334 76 35 and
2115 1332 213 47 aggressive
2356 1334 123 47 squad
2510 1334 83 36 that

1820 1387 225 36 dominated
2061 1387 65 36 the
2140 1394 161 30 contest.

1871 1430 118 35 After
2052 1430 44 33 19
2151 1439 118 33 years
2328 1435 38 28 at
2427 1430 161 39 Brown,

1819 1487 228 35 Stevenson
2076 1485 31 35 is
2132 1483 96 36 wise
2255 1483 165 47 enough
2449 1490 72 30 not
2546 1490 41 30 to

1817 1546 151 39 tamper
2006 1540 87 36 with
2131 1551 161 25 success.
2331 1542 88 35 Last
2452 1540 135 36 week’s

1819 1597 146 46 line-up
1992 1595 72 35 will
2096 1595 145 36 remain
2269 1595 175 44 virtually
2471 1595 117 36 intact

1824 1654 150 44 against
1991 1654 115 35 Penn,
2124 1654 186 44 although
2328 1652 233 46 sophomore

1819 1709 162 35 forward
2000 1709 85 35 Dan
2101 1707 137 36 Carusi
2252 1707 30 35 is
2298 1707 186 35 sidelined
2498 1707 90 35 with

1819 1776 20 24 a
1857 1765 98 35 back
1970 1764 135 43 injury.

1871 1820 132 35 Brown
2044 1825 101 30 must
2183 1820 47 35 be
2263 1819 225 36 considered
2526 1820 61 35 the

1819 1876 180 35 favorite
2061 1874 39 35 in
2165 1874 206 46 tonight’s
2431 1874 156 35 match.

1820 1932 194 36 However,
2031 1931 74 36 this
2123 1931 28 35 is
2167 1932 63 35 the
2246 1934 85 43 type
2346 1931 43 35 of
2400 1942 112 35 game
2526 1931 61 35 the

1820 1986 137 36 Bruins
1986 1992 102 28 must
2115 1986 69 35 win
2213 1991 39 30 to
2276 1986 247 46 legitimately
2545 1986 43 35 be

1819 2043 250 35 considered
2101 2054 22 24 a
2150 2047 71 41 top
2250 2047 128 33 team,
2409 2043 79 35 and
2521 2041 66 36 the

1820 2098 194 43 Quakers
2044 2107 69 25 are
2142 2098 178 44 entirely
2345 2098 178 44 capable
2550 2096 38 36 of

1820 2153 145 46 pulling
1983 2153 60 36 off
2054 2165 47 24 an
2118 2159 121 39 upset.

2655 2088 164 35 PETER
2839 2087 107 36 VAN
2965 2087 153 39 BEEK,
3139 2085 128 36 senior
3287 2083 178 41 forward,
3483 2082 72 36 has
3575 2082 98 35 been
3691 2080 137 36 moved
3844 2080 101 35 from
3961 2080 142 35 striker
4117 2083 39 31 to
4175 2080 94 43 wing

2655 2143 47 46 by
2718 2143 120 35 Bruin
2852 2142 120 36 coach
2989 2142 94 35 Cliff
3096 2142 224 35 Stevenson.

154 91 167 35 8

150 2096 698 156 Football

263 2274 219 38 Continued
496 2280 101 35 from
614 2280 99 41 Pane
729 2280 17 35 7

1565 88 198 36 BROWN
1773 88 164 36 DAILY
1946 88 225 36 HERALD,
2186 90 209 35 FRIDAY,
2416 90 246 36 OCTOBER
2679 90 54 36 13,
2756 88 93 36 1978

235 6069 517 123 VISIA

233 6203 109 41 Put
351 6202 261 57 yourself
624 6202 183 43 where

233 6257 186 52 you’re
430 6255 238 44 needed.

231 6324 195 31 Volunteers
443 6326 30 28 In
487 6323 142 33 Service
638 6324 41 31 To
691 6324 153 33 America

233 6370 123 36 VISTA,
369 6372 228 43 Washington,
614 6372 79 33 D.C.
707 6372 118 35 2Q525

230 6427 483 47 800-424-8580

2057 2482 469 246 HIE
2580 2474 619 263 RING

1364 2748 512 268 you
1918 2759 746 246 wear
2707 2748 1077 268 FOREVER

1471 3025 597 246 WIU
2110 3016 587 266 SAVE
2729 3016 523 266 YOU
3294 3025 395 257 $lO

1898 3293 757 255 RIGHT
2698 3293 671 255 NOW.

2937 4391 165 68 ■lll

3093 4422 65 44 ■

2780 4539 50 22 3Sa

2847 4580 71 30 HM

2872 4609 46 36 m

2991 4643 41 25 m

2619 4748 104 24 BBBSBbb

2528 4835 395 60 IiHBBBMBI

2644 4981 58 24 W

1655 5222 603 150 KOTIN'S
2291 5233 650 139 NATIONAL
2962 5233 550 139 CDUEGE

1672 5392 331 139 RMG
2024 5398 427 132 WEEK.
2499 5392 613 139 OCTOBER
3139 5398 378 139 16*21.

1402 5578 35 44 If
1455 5580 83 43 this
1559 5583 33 39 is
1614 5581 72 41 the
1706 5595 101 44 year
1820 5595 88 44 you
1932 5591 117 35 want
2069 5589 46 36 to

1402 5644 106 35 start
1526 5639 197 55 wearing
1742 5654 113 41 your
1871 5639 165 57 college
2057 5643 109 54 ring,

1402 5691 82 44 this
1502 5694 35 41 is
1557 5693 71 43 the
1646 5693 93 43 best
1757 5694 123 41 week
1899 5701 43 36 to
1959 5694 88 58 buy
2066 5696 41 41 it.

1457 5750 121 43 After
1594 5751 66 46 all,
1679 5764 22 28 a
1721 5751 162 55 college
1904 5753 93 54 ring
2017 5765 99 43 may

1400 5805 55 43 be
1472 5805 165 44 forever
1652 5806 88 41 and
1759 5820 104 35 ever,
1882 5806 77 43 but
1976 5813 72 36 ten

1400 5860 315 43 bucks—that's
1734 5860 68 44 for
1817 5861 115 57 right
1950 5874 113 30 now.

1457 5918 60 41 So
1535 5918 54 41 be
1609 5918 102 41 here
1732 5918 65 41 for
1813 5918 72 43 the
1907 5918 112 43 third

1402 5972 159 41 annual
1576 5975 176 47 Josten's
1770 5973 198 41 National
1986 5975 175 55 College

1402 6028 110 55 Ring
1532 6030 131 39 Week
1680 6030 90 41 and
1789 6030 72 46 $lO
1880 6030 227 49 Discount,

1402 6085 181 55 starting
1598 6085 208 50 Monday,
1828 6085 191 43 October
2035 6087 47 41 16
2099 6087 91 41 and

1402 6142 192 54 running
1613 6135 191 60 through
1825 6142 224 54 Saturday,

1402 6195 191 41 October
1605 6195 58 41 21.

1455 6249 91 44 The
1565 6250 72 47 $lO
1655 6252 205 43 discount
1877 6252 170 57 applies
2066 6257 46 39 to
2128 6266 112 43 your

1402 6306 184 44 school's
1605 6309 137 41 entire
1759 6309 206 43 selection
1984 6309 49 43 of
2046 6309 183 50 Josten's

2455 5693 87 83 ✓

2992 5586 176 57 College
3194 5587 146 55 Rings,
3359 5587 74 41 the
3452 5587 104 57 only
3573 5589 96 55 ring
3688 5589 102 41 with

3033 5644 181 49 Josten's
3235 5646 85 38 Full
3350 5646 194 39 Lifetime
3565 5647 225 54 Warranty.

3222 5701 102 39 And
3345 5701 175 41 besides
3539 5702 153 54 saving
3710 5694 83 54 $lO,

3112 5769 85 43 you
3217 5761 69 50 get
3306 5756 120 41 these
3444 5756 151 41 deluxe
3613 5756 183 41 features

3205 5811 206 41 included
3431 5813 41 39 in
3493 5813 74 39 the
3586 5813 208 41 standard

3129 5866 181 50 Josten's
3329 5868 96 55 ring
3443 5868 220 55 price—no
3680 5874 113 35 extra

3252 5924 107 39 cost!
3380 5923 189 41 Choose:
3587 5924 143 43 White
3748 5937 47 28 or

3071 5978 150 41 Yellow
3238 5978 118 41 Gold
3386 5987 24 24 •
3430 5978 214 43 Sunburst
3663 5980 132 41 Stone

3164 6047 47 27 or
3227 6033 246 41 Birthstone
3501 6044 24 22 •
3545 6035 87 39 Full
3654 6036 142 39 Name

3254 6090 244 55 Engraving
3515 6102 49 28 or
3578 6090 217 41 Facsimile

2928 6146 222 54 signature
3173 6153 22 24 •
3219 6145 117 43 Even
3357 6146 271 55 Encrusting,
3646 6146 150 41 where

2883 6202 94 55 ring
2997 6198 154 58 design
3170 6200 153 41 allows
3353 6211 24 22 •
3397 6202 74 39 No
3487 6206 115 36 extra
3620 6202 170 57 charge.

2981 6255 36 41 If
3031 6257 150 55 you're
3200 6258 134 55 going
3353 6263 44 35 to
3416 6257 60 43 do
3491 6258 44 47 it,
3554 6257 63 43 do
3631 6258 31 41 it
3680 6272 112 28 now.

3376 6315 57 38 At
3452 6312 72 41 the
3542 6312 249 44 bookstore.

2208 6395 283 58 ARTHUR
2524 6395 175 58 KLINE
2728 6395 310 69 JEWELERS

2384 6482 113 55 285
2524 6474 225 80 Thayer
2776 6482 68 58 St
