4393 6800
126 606 3997 499 BrtwvnuSlf'Herald

88 1172 90 35 VOL
189 1173 113 36 UME
317 1175 113 35 CXII.
447 1178 224 36 NUMBER
690 1183 47 31 92

1583 1183 343 41 PROVIDENCE.
1948 1191 35 35 R.
1983 1191 55 35 1..
2055 1192 208 35 FRIDAY.
2282 1194 243 38 OCTOBER
2546 1198 52 35 13.
2622 1200 93 33 1978

3809 1206 203 39 SPECIAL
4030 1213 142 35 ISSUE

307 131 1258 254 Parents*
1661 134 1430 268 Weekend
3181 156 789 261 Issue

1276 2608 83 22 Phntn
1369 2617 17 5 -
1397 2605 91 24 hHID
1498 2602 132 25 RICKEY

137 2644 483 43 PSYCHO-CERAMICS
661 2652 290 41 PROFESSOR
984 2657 129 35 Josiah
1157 2657 186 46 Carberry
1381 2663 150 30 returns
1569 2661 38 33 to

134 2713 157 33 campus
320 2704 74 35 (his
416 2706 202 35 afternoon
646 2707 57 35 for
726 2709 63 36 (he
813 2710 80 36 first
918 2713 91 33 time
1033 2713 38 33 in
1094 2713 90 35 nine
1206 2713 172 35 months.
1420 2713 186 44 Carberry

134 2757 79 35 said
239 2757 44 35 he
309 2772 80 33 may
417 2762 112 35 make
551 2775 49 22 an
624 2776 243 33 appearance
891 2773 38 28 at
950 2769 148 44 today’s
1118 2769 222 35 divestiture
1361 2770 87 44 rally
1472 2783 49 22 on
1543 2770 63 35 the

135 2811 121 36 Green
291 2817 72 36 (see
395 2822 98 39 story
526 2817 76 36 this
633 2822 126 43 page),
791 2824 184 43 although
1008 2825 65 33 the
1102 2824 131 36 famed
1261 2825 142 44 faculty
1435 2827 173 35 member

132 2869 172 36 declined
320 2877 36 28 to
370 2874 79 41 give
466 2872 57 36 his
537 2877 159 39 opinion
712 2890 49 22 on
778 2879 63 35 the
857 2879 269 36 controversial
1143 2882 113 33 issue.

71 2981 551 135 Swearer
679 2989 384 134 voices
1117 3036 517 94 concern

65 3208 296 90 over
413 3189 424 109 recent
882 3167 392 131 racial
1310 3170 350 161 strife

238 3348 43 36 By
301 3348 206 36 ROBERT
524 3351 112 33 LINN

49 3403 14 35 I
107 3403 189 33 President
340 3403 162 36 Howard
546 3405 165 36 Swearer
753 3408 63 36 has

30 3449 244 50 Mispressed
332 3458 161 46 dismay
551 3471 94 25 over
702 3463 113 35 three

30 3502 202 52 Mllegedlv
258 3513 113 35 racial
403 3513 186 38 incidents
616 3517 82 36 that
724 3520 91 33 have

30 3567 192 35 wracked
265 3569 128 35 Brown
430 3572 175 46 recently,
639 3575 72 35 and
750 3575 66 36 has

47 3624 162 57 fledged
235 3624 76 36 that
334 3627 61 33 the
413 3627 202 46 university
635 3628 69 35 will
726 3630 90 44 fully

30 3669 241 54 Mnvestigate
299 3680 61 35 the
392 3688 156 30 matters
580 3691 36 27 to
646 3696 60 24 see
735 3685 77 36 that

30 3724 88 44 Must
128 3732 50 36 ice
195 3734 28 36 is
238 3735 112 35 done.

54 3792 11 44 |
99 3792 164 35 Swearer
290 3792 77 36 said
397 3792 61 36 the
487 3794 186 47 allegedly
698 3797 113 35 racial

41 3836 192 46 Bicidents
274 3860 91 24 were

41 3898 205 50 ■specially
268 3902 102 38 since
395 3904 85 46 they
502 3906 205 47 happened
732 3915 38 28 at
792 3921 19 22 a

41 3950 134 52 liberal
213 3967 77 27 arts
329 3961 202 46 university
565 3962 74 35 like
677 3965 132 33 Brown

41 4013 134 39 »hich
217 4014 142 46 prides
398 4016 118 36 itself
550 4028 50 25 on
644 4019 50 35 its
735 4031 50 22 un-

41 4060 279 57 lerstanding
354 4072 79 35 and
471 4085 120 24 sense
624 4074 47 35 of
698 4087 85 24 eom-

41 4117 36 60 |i
87 4126 115 44 unity.

47 4189 16 28 I
104 4183 6 41 I
128 4183 50 35 he
222 4184 216 35 President
479 4192 82 28 met
602 4186 94 36 with
740 4187 69 36 the

41 4230 24 46 I
65 4238 123 35 lenild
205 4239 65 35 last
291 4239 104 46 night
416 4247 36 30 at
472 4241 57 36 his
548 4241 47 36 55
613 4244 126 35 Power
753 4246 52 35 St.

41 4294 112 38 Some
187 4302 36 27 to
255 4306 150 35 express
441 4298 54 35 his
526 4309 164 24 concern
720 4310 88 24 over

46 4365 20 22 ■
74 4350 61 35 hat
156 4351 46 33 he
219 4351 120 35 called
365 4351 61 36 the
616 4354 191 36 incidents

50 4395 65 68 |nd
299 4406 118 36 which
449 4409 139 36 caused
619 4419 88 27 over
742 4411 66 35 150

46 4461 167 44 minority
239 4463 172 36 students
436 4471 36 28 to
494 4469 104 41 stage
619 4477 47 24 an
691 4466 91 35 hour-

41 4517 94 44 ■mg
164 4517 117 35 sit-in
310 4518 38 35 in
378 4532 17 22 a
424 4520 146 36 dean's
597 4521 128 36 office
751 4532 50 25 on

41 4575 249 31 Wednesday.

87 4630 85 35 The
219 4630 195 46 minority
458 4633 195 36 students
699 4646 101 24 were

65 4687 181 44 rotesting
282 4687 230 46 specifically
550 4688 150 46 against
739 4690 61 35 the

65 4742 19 33 d
98 4753 31 22 m
142 4742 91 35 inist
246 4742 176 36 ration's
491 4745 198 36 slowness
761 4746 39 35 in

66 4798 151 44 andling
246 4809 46 24 an
320 4800 143 44 alleged
491 4811 113 25 arson
631 4802 169 36 incident

74 4861 30 27 st
128 4854 129 44 spring
279 4854 186 47 involving
482 4857 283 46 theburningof
780 4869 20 24 a

66 4920 128 25 tinner
219 4910 112 46 hung
356 4913 169 35 outside
551 4913 68 35 the
641 4915 154 33 second

74 4976 69 24 orv
178 4976 112 24 room
326 4967 46 33 of
400 4973 77 28 two
509 4969 123 33 black
666 4969 132 46 Olney

69 5031 91 24 ouse
176 5020 197 35 residents.

35 5076 28 33 I
91 5076 8 33 I
115 5076 80 35 heir
214 5082 143 41 protest
375 5088 107 25 came
501 5083 74 30 two
591 5080 91 43 days
701 5080 96 35 after

27 5123 36 44 I
82 5131 151 36 female
265 5132 121 35 black
414 5134 189 39 student,
633 5134 162 36 Connie

9 5175 161 55 B'yche
290 5198 76 25 was
389 5189 63 35 the
474 5194 121 41 target
620 5189 44 36 of
680 5191 115 35 racial

13 5233 150 46 Msults
192 5244 74 35 and
298 5255 20 24 a
348 5246 132 35 hurled
515 5246 117 35 bottle
661 5246 44 35 of
729 5246 66 35 ink

9 5287 124 46 Hlien
170 5298 65 35 she
271 5298 143 36 walked
450 5306 83 39 past
567 5299 106 36 Toad
709 5301 85 35 Hall

69 5353 178 46 aternity
287 5354 38 33 in
364 5354 181 36 Wriston
581 5356 121 41 Quad
742 5369 50 24 on

9 5402 191 52 Holiday
214 5411 214 35 afternoon.

30 5455 76 46 If
113 5463 47 35 he
200 5465 68 33 ink
307 5466 205 46 throwing
551 5466 128 36 affair
713 5480 79 24 was

9 5513 209 43 Hllowed
276 5521 47 44 by
376 5523 176 35 another
605 5523 187 35 incident

9 5567 197 52 Hlcgedlv
231 5576 139 44 having
394 5576 113 36 racial
532 5584 197 28 overtones
754 5578 36 35 in

181 5643 20 22 a
235 5631 109 35 white
378 5631 195 46 fraternity
605 5635 187 38 member,

9 5676 186 55 Houglas
222 5688 113 35 Stone
361 5688 60 35 '80
443 5688 41 35 of
504 5688 88 35 Zeta
620 5688 71 39 Psi,
717 5701 74 24 was

9 5734 206 43 Hsaulted
252 5742 33 33 in
320 5754 19 22 a
372 5745 96 33 dark
501 5745 129 43 Marcy
661 5745 131 35 House

65 5798 120 38 undrv
198 5808 106 25 room
321 5803 38 30 at
376 5798 88 36 2:00
477 5811 90 24 a.m.
581 5800 189 46 Tuesday.

20 5844 43 44 I
77 5854 172 35 Director
274 5854 44 35 of
335 5854 162 46 security
518 5855 128 35 James
671 5855 120 46 Lyons

69 5907 6 41 I
101 5907 77 35 told
197 5907 63 36 the
279 5909 145 36 Herald
441 5910 80 36 that
542 5910 63 36 the
620 5912 93 36 Zeta
731 5912 57 35 Psi

66 5964 181 36 ember’s
274 5965 227 36 assailants
528 5967 131 44 might
688 5967 101 35 have

9 6009 109 44 Hen
135 6019 121 36 black.

169 6077 205 36 ‘lncidents
389 6079 76 35 and
480 6080 167 33 rumors’

72 6131 175 39 Swearer,
282 6132 83 35 who
395 6134 76 35 had
502 6134 72 43 just
605 6137 183 33 returned

69 6198 49 24 >m
142 6198 19 24 a
181 6189 164 44 two-day
365 6189 74 46 trip
460 6194 39 31 to
518 6189 269 46 Washington,

72 6243 57 36 C\,
161 6244 121 35 where
317 6244 44 35 he
387 6255 76 24 was
493 6244 200 47 attending
723 6246 65 35 the

74 6298 87 35 nual
203 6298 165 47 meeting
403 6299 44 35 of
480 6299 63 36 the
581 6301 205 36 American

65 6353 113 35 >uncil
203 6365 47 22 on
277 6354 227 38 Education,
526 6356 83 36 said
633 6357 85 35 that
740 6357 47 35 he

65 6416 36 24 as
118 6408 272 47 disappointed
408 6409 88 36 with
515 6411 63 36 the
597 6409 191 38 incidents

68 6465 202 36 entselves
335 6466 79 35 and
485 6468 71 35 the
620 6477 167 27 rumors

66 6518 343 47 rroundingtherh.

934 3356 172 43 Looking
1129 3365 83 30 very
1239 3356 93 35 tired
1359 3356 98 36 after
1482 3357 63 35 the
1569 3357 72 44 trip

885 3409 181 35 Swearer
1117 3409 88 35 said
1258 3411 91 33 that
1397 3411 154 33 "we're
1598 3413 43 31 in-

882 3466 225 44 vestigating
1135 3466 61 35 the
1471 3479 83 22 now
1578 3469 74 35 and

882 3521 69 33 will
981 3528 54 38 try
1061 3529 39 27 to
1126 3531 109 27 come
1265 3532 50 33 up
1342 3521 87 36 with
1454 3534 107 24 some
1586 3523 50 35 fin-

880 3576 112 44 dings
1091 3576 146 44 rapidly
1255 3589 39 24 as
1310 3589 52 24 we

935 3633 52 35 He
1020 3635 123 33 added
1173 3633 83 36 that
1526 3635 123 35 action

880 3699 74 24 can
995 3688 49 35 be
1282 3688 165 47 against
1488 3690 69 36 the
1592 3691 38 33 in-

879 3743 213 36 dividuals
1120 3743 266 47 responsible
1413 3745 63 36 for
1499 3746 69 35 the
1594 3746 38 35 in-

879 3800 146 33 cidents
1159 3802 44 31 be

932 3857 194 44 Although
1161 3857 165 35 Swearer
1353 3858 186 35 admitted
1570 3860 77 35 that

880 3912 47 35 he
959 3912 71 35 did
1065 3920 69 28 not
1167 3913 117 35 know
1313 3913 54 35 all
1397 3913 68 35 the
1496 3913 151 36 details

879 3967 290 47 surrounding
1195 3969 66 35 the
1290 3969 208 46 allegedly
1518 3970 129 36 racial

880 4024 200 38 incidents,
1106 4025 46 35 he
1176 4025 192 36 indicated
1392 4027 82 35 that
1496 4033 36 28 at
1556 4027 91 35 least

879 4091 79 22 one
984 4079 233 36 individual
1247 4080 72 35 has
1348 4082 170 44 already
1545 4082 102 35 been

879 4135 195 36 identified
1115 4139 76 33 and
1230 4137 71 35 will
1342 4139 186 44 probably
1567 4140 80 35 face

877 4191 247 44 disciplinary
1139 4192 140 35 action.

931 4249 57 33 He
1039 4250 137 33 added
1230 4250 91 35 that
1373 4250 143 33 Brown
1567 4252 79 33 will

877 4304 206 44 probably
1113 4310 69 30 not
1213 4306 79 35 call
1326 4306 36 33 in
1395 4306 252 36 Providence

874 4357 120 44 police
1014 4364 39 28 to
1076 4359 85 46 help
1183 4361 87 35 with
1294 4362 61 35 the
1375 4362 266 47 investigation

872 4414 38 33 of
939 4413 61 35 the
1027 4416 156 36 assault,
1211 4417 220 47 explaining
1455 4419 82 36 that

872 4479 68 24 can
959 4469 140 36 handle
1113 4469 107 36 these
1236 4471 167 46 things.”

935 4528 77 35 lhe
1057 4528 216 36 President
1313 4528 90 36 said
1446 4529 91 36 that
1578 4529 69 36 the

876 4583 202 44 university
1104 4583 69 35 will
1202 4583 107 36 focus
1331 4595 49 24 on
1406 4583 150 47 finding
1578 4592 68 28 out

874 4638 63 35 the
969 4639 139 35 details
1135 4639 260 43 surrounding
1425 4641 61 35 the
1518 4647 128 30 recent

1751 1288 682 159 Students
2465 1296 854 194 demanding
3351 1301 789 162 divestiture

1745 1504 699 159 schedule
2491 1506 454 157 12:30
2983 1513 373 189 rally
3395 1565 198 109 on
3655 1520 485 159 Green

1865 1712 50 36 By
1931 1710 93 38 LEE
2041 1712 351 36 HOCKSTADER

1769 1769 162 33 Several
1973 1769 191 33 hundred
2202 1769 195 36 students
2430 1770 79 35 will

1742 1824 132 35 march
1898 1824 79 36 into
2000 1824 213 46 University
2235 1827 85 33 Hall
2342 1827 115 44 today
2474 1831 35 30 at

1740 1879 306 44 approximately
2099 1879 110 35 12:30
2257 1882 252 46 demanding,

1740 1946 143 35 among
1902 1935 110 35 other
2030 1935 140 46 things,
2187 1937 85 35 that
2291 1939 134 33 Brown
2446 1939 63 35 sell

1740 1991 71 33 $23
1830 1989 145 36 million
1994 1991 46 35 of
2050 1991 178 46 holdings
2247 1992 35 33 in
2302 1992 206 36 American

1740 2044 107 36 firms
1874 2046 200 47 operating
2102 2047 35 33 in
2167 2047 61 35 the
2257 2049 189 44 Republic
2472 2049 36 36 of

1740 2101 117 35 South
1893 2101 142 39 Africa,
2071 2113 46 24 an
2151 2102 189 38 informed
2375 2115 134 25 source

1739 2157 68 33 has
1822 2157 77 33 told
1918 2157 63 33 the
1997 2157 154 33 Herald.

1772 2213 69 35 The
1866 2213 126 35 action
2017 2213 69 35 will
2110 2214 189 46 highlight
2321 2227 20 24 a
2362 2220 143 41 protest

1735 2269 211 44 sponsored
1983 2269 44 44 by
2061 2269 61 36 the
2157 2271 187 35 Southern
2378 2272 128 35 Africa

1737 2323 202 44 Solidarity
1978 2323 231 38 Committee
2243 2326 153 38 (SASC)
2428 2329 76 35 and

1735 2380 63 35 the
1830 2380 118 36 Third
1983 2381 128 35 World
2143 2383 191 35 Coalition
2364 2383 142 39 (TWC)

1735 2435 79 35 that
1831 2435 31 35 is
1876 2435 208 36 scheduled
2102 2444 38 27 to
2156 2443 91 30 start
2265 2444 36 28 at
2324 2438 120 36 12:30.
2474 2441 30 35 It

1735 2490 31 36 is
1795 2491 69 35 the
1896 2491 110 36 third
2036 2494 99 33 such
2164 2494 339 36 demonstration

1734 2546 102 35 since
1854 2546 118 43 April.

1792 2600 74 35 Ihe
1934 2602 101 44 rally
2101 2606 80 35 will
2249 2609 139 35 follow
2452 2620 49 24 an

1734 2657 323 38 informational
2094 2661 183 46 meeting
2317 2661 61 35 for
2417 2674 83 24 new

1732 2720 176 35 trustees,
1935 2723 159 28 trustees
2118 2718 161 38 emeriti,
2304 2720 76 35 and
2405 2720 96 36 their

1731 2781 159 35 spouses
1912 2772 208 46 beginning
2142 2780 36 28 at
2205 2773 43 35 10
2266 2786 90 24 a.m.
2378 2775 36 35 in
2438 2776 63 35 the

1731 2827 94 35 John
1849 2827 80 44 Hay
1951 2827 148 47 library.
2129 2828 131 47 Today
2274 2831 82 35 also
2370 2831 131 36 marks

1729 2879 61 35 the
1827 2880 76 38 first
1935 2885 71 44 day
2036 2887 41 33 of
2104 2888 167 41 parents’
2301 2887 195 36 weekend.

1769 2940 8 33 1
1791 2939 46 36 he
1852 2940 107 44 day’s
1978 2945 145 41 protest
2140 2942 69 33 will
2230 2942 44 35 be
2291 2943 137 36 kicked
2446 2943 50 36 off

1731 2995 47 36 bv
1816 2994 339 47 approximately
2191 2997 77 35 200
2301 2998 195 46 minority

1729 3052 176 36 students
1937 3052 200 47 marching
2170 3054 98 35 from
2301 3055 195 36 Churchill

1723 3107 227 35 House—the
1987 3107 8 33 1
2013 3107 80 35 hird
2126 3109 128 35 World
2282 3110 140 36 Center
2447 3123 49 24 on

1731 3164 132 44 Angell
1891 3164 195 36 Street—to
2109 3165 79 35 the.
2195 3165 154 46 College
2370 3167 126 35 Green

1728 3217 39 35 in
1802 3217 112 35 front
1945 3219 47 33 of
2022 3219 235 46 University
2290 3222 109 38 Hall,
2430 3235 44 24 ac-

1726 3274 161 36 cording
1901 3280 39 30 to
1956 3276 63 35 the
2033 3288 145 22 source.

1751 3329 87 36 The
1865 3331 214 35 marchers
2104 3331 80 35 will
2209 3332 47 33 be
2277 3331 145 46 joined
2447 3334 47 44 by

1728 3384 123 35 SASC
1879 3386 192 36 members
2101 3389 72 33 and
2203 3389 109 33 other
2337 3389 157 46 rallying

1726 3439 195 36 students
1967 3441 192 46 carrying
2205 3449 165 39 posters
2413 3446 80 33 and

1726 3496 184 46 chanting
1934 3496 150 46 against
2109 3498 198 46 apartheid
2335 3501 72 33 and
2430 3501 65 35 the

1726 3550 235 46 university's
1987 3553 243 36 endowment
2255 3554 176 46 holdings
2457 3556 36 35 in

1726 3608 131 35 South
1901 3608 312 36 Africa-linked
2250 3609 137 41 firms,
2425 3611 69 35 the

1724 3672 132 22 source
1872 3661 94 33 said.

1750 3718 80 35 The
1847 3718 203 47 university
2071 3721 66 35 has
2156 3732 41 24 so
2219 3721 54 36 far
2288 3723 151 35 refused
2457 3728 38 30 to

1723 3775 65 35 sell
1803 3775 61 33 off
1874 3784 71 31 arty
1961 3775 44 35 of
2016 3775 61 35 the
2093 3775 202 43 offending
2309 3778 120 35 stock.

1943 3830 93 38 1975
2055 3838 219 38 agreement

1743 3887 121 35 TWC
1901 3887 79 35 will
2019 3888 88 35 also
2146 3888 101 36 have
2287 3902 20 24 a
2343 3891 69 36 list
2447 3893 43 35 of

1718 3943 208 36 demands
1970 3946 258 46 concerning
2272 3948 68 35 the
2391 3948 99 35 1975

1718 4005 241 38 agreements
1991 4000 167 35 between
2192 4002 61 35 the
2287 4002 202 47 university

1718 4055 77 33 and
1836 4054 176 47 minority
2047 4058 175 35 students
2298 4071 46 25 on

1718 4110 63 35 the
1805 4109 285 38 matriculation
2115 4112 44 35 of
2178 4113 211 36 minorities
2409 4117 76 35 and

1718 4165 61 35 the
1817 4167 87 33 level
1940 4165 46 36 of
2016 4167 180 36 financial
2230 4170 61 35 aid
2326 4173 157 44 granted

1717 4220 90 35 each
1831 4231 87 35 year
1943 4227 38 30 to
2002 4222 118 36 Third
2143 4224 129 36 World
2294 4227 189 39 students,

1715 4277 206 47 according
1943 4283 38 30 to
2003 4279 61 35 the
2087 4291 145 24 source.
2271 4282 80 35 The
2370 4282 115 36 TWC

1713 4332 206 36 demands
1951 4345 104 25 were
2088 4335 298 47 unanimously
2414 4350 46 25 en-

1713 4389 137 35 dorsed
1871 4391 46 38 by
1932 4391 132 38 SASC,
2082 4392 63 35 the
2161 4403 131 25 source
2309 4392 96 36 said.

1739 4444 120 35 After
1883 4444 222 47 marching
2131 4446 88 36 into
2246 4449 236 46 University

1715 4499 83 35 Hall
1824 4499 88 36 with
1935 4501 94 36 their
2054 4504 203 44 repsective
2277 4506 205 39 demands,

1712 4556 120 35 SASC
1858 4557 77 35 and
1962 4557 115 35 TWC
2102 4557 71 35 will
2200 4559 74 36 exit
2301 4565 94 31 onto
2417 4562 63 36 the

1710 4613 126 35 Green
1857 4619 38 28 to
1913 4614 129 35 hear,a
2063 4617 162 35 number
2243 4617 44 35 of
2299 4619 183 44 speeches

1709 4679 47 22 on
1795 4669 216 44 apartheid,
2052 4669 63 36 the
2153 4671 235 47 university’s
2424 4674 36 35 in-

1709 4731 244 33 vestments.
2046 4729 80 33 and
2217 4729 68 35 the
2378 4731 104 33 1975

2581 1718 252 38 agreements.

2606 1767 87 35 The
2732 1770 202 43 speeches
2972 1772 79 33 will
3088 1783 117 25 come
3243 1773 109 36 from

2580 1824 356 44 representatives
2964 1827 46 33 of
3035 1838 22 24 a
3085 1828 180 35 number
3288 1830 47 35 of

2556 1888 173 35 campus
2762 1880 334 44 organizations,
3129 1883 222 47 including

2580 1932 121 35 SASC
2726 1935 76 35 and
2830 1935 128 39 TWC,
2984 1937 63 35 the
3074 1948 134 27 source
3230 1940 96 35 said.

2587 1991 8 33 1
2613 1991 88 35 here
2728 1991 71 36 will
2830 1992 46 35 be
2909 2003 47 24 no
2987 1994 140 46 faculty
3153 1997 195 44 speakers,

2578 2044 183 46 although
2795 2057 71 25 one
2899 2060 74 22 was
3005 2050 153 46 sought,
3191 2052 76 35 and
3299 2061 47 27 no

2578 2104 198 43 speakers
2830 2104 106 35 from
2989 2106 167 36 outside
3205 2107 69 35 the

2576 2154 216 46 university,
2808 2161 206 46 according
3030 2162 65 35 the
3109 2164 63 35 the
3187 2175 146 25 source.

2605 2213 117 46 Rally
2748 2216 244 44 organizers
3022 2217 52 35 do
3101 2225 69 30 not
3195 2227 150 39 expect

2567 2269 159 35 Howard
2751 2269 167 36 Swearer
2937 2276 41 30 to
2995 2279 39 28 to
3057 2279 54 39 try
3128 2279 41 31 to
3186 2277 157 36 address

2573 2323 69 36 the
2682 2328 151 38 crowd,
2876 2328 69 36 the
2983 2340 148 25 source
3170 2334 140 35 noted.

2573 2378 167 36 Swearer
2764 2392 76 25 was
2865 2383 140 35 denied
3031 2384 65 36 the
3118 2386 159 46 podium
3306 2389 36 35 in

2573 2435 117 44 April
2718 2443 39 28 at
2786 2449 19 22 a
2833 2438 162 38 similar
3022 2443 102 44 rally
3148 2444 117 35 when
3294 2444 47 35 he

2570 2490 117 35 asked
2707 2496 36 30 to
2757 2494 132 43 speak.

2600 2546 36 35 If
2658 2548 68 35 the
2750 2548 219 46 president
2991 2557 132 31 wants
3145 2559 41 30 to
3209 2557 129 43 speak

2570 2606 216 35 tomorrow,
2802 2603 63 35 the
2880 2616 135 25 source
3031 2608 96 38 said,
3143 2609 46 35 he
3205 2609 69 35 will
3294 2613 44 33 be

2569 2657 156 38 allowed
2745 2665 39 30 to
2798 2666 137 30 mount
2951 2661 61 36 the
3030 2665 173 44 podium.
3231 2668 107 44 Rally

2567 2713 217 44 organizers
2811 2715 90 46 plan
2928 2729 49 22 on
3006 2718 140 47 booing
3170 2721 167 36 Swearer

2565 2769 126 41 down,
2718 2770 181 43 however,
2924 2775 134 35 should
3087 2775 47 36 he
3154 2783 54 39 try
3228 2783 38 31 to
3287 2780 50 35 do

2567 2836 52 25 so,
2635 2827 206 46 according
2857 2833 38 28 to
2909 2828 63 36 the
2987 2839 148 27 source.

3441 1731 255 36 Information
3740 1737 230 46 concerning
4013 1739 74 36 this
4126 1740 35 35 af-

3416 1789 194 36 ternoon's
3639 1792 93 43 rally
3761 1792 68 35 has
3857 1792 93 35 been
3978 1800 129 39 scanty
4134 1795 44 35 all

3414 1844 117 36 week,
3556 1844 162 35 because
3740 1846 46 33 of
3803 1857 20 24 a
3847 1847 72 35 ban
3942 1860 47 22 on
4011 1849 63 35 the
4096 1849 82 36 flow

3413 1898 47 35 of
3491 1899 52 35 all
3581 1899 276 38 information
3893 1910 39 28 to
3964 1906 69 35 the
4065 1917 113 33 press

3413 1953 173 47 imposed
3620 1961 36 30 at
3690 1967 19 24 a
3743 1957 172 44 Monday
3945 1959 165 47 meeting
4139 1961 39 35 of

3414 2009 145 35 SASC.
3628 2009 120 38 TWC
3786 2013 72 36 has
3898 2014 220 38 instituted
4157 2027 20 25 a

3413 2065 143 35 similar
3572 2066 88 35 ban.

3439 2121 120 36 SASC
3575 2123 68 35 has
3657 2123 82 35 also
3753 2124 145 35 thrown
3915 2126 61 36 the
3992 2139 102 35 press
4110 2135 63 28 out

3409 2178 36 31 ot
3474 2183 69 28 two
3567 2176 43 35 of
3630 2176 44 36 its
3698 2180 294 47 meetings--one
4013 2183 43 35 of
4071 2184 101 35 them

3411 2231 71 36 last
3499 2233 191 46 night--by
3704 2236 291 49 overwhelming
4009 2244 113 31 votes.

3436 2288 106 43 Rally
3561 2290 217 43 organizers
3802 2290 194 39 instituted
4017 2294 61 36 the
4098 2296 72 35 ban

3409 2343 142 46 mainly
3581 2353 38 27 to
3647 2357 104 24 scare
3781 2348 63 35 the
3871 2348 200 47 university
4098 2353 72 33 and

3408 2398 113 36 make
3553 2400 211 46 University
3795 2402 85 36 Hall
3902 2403 124 47 jittery
4055 2408 115 35 about

3408 2455 146 44 today’s
3569 2465 140 30 events,
3726 2460 63 33 the
3806 2469 134 27 source
3953 2461 94 35 said.

3441 2510 6 46 I
3466 2510 44 35 he
3542 2523 104 33 press
3676 2513 72 35 ban
3781 2513 66 35 has
3877 2515 93 35 been
3997 2518 173 36 absolute

3405 2575 132 38 except
3569 2569 54 33 for
3649 2581 20 22 a
3696 2570 83 46 pair
3805 2572 43 33 of
3869 2572 164 38 50-word
4063 2575 107 35 items

3405 2622 165 35 released
3606 2624 68 35 last
3709 2625 104 43 night
3847 2627 44 43 by
3920 2628 63 33 the
4013 2628 156 47 rallying

3403 2688 154 35 groups.
3636 2680 68 35 Ihe
3737 2688 72 28 two
3865 2685 172 38 releases,
4071 2685 96 36 from

3405 2732 113 36 SASC
3550 2735 72 33 and
3658 2735 8 33 I
3685 2735 88 36 WC.
3802 2740 250 43 respectively,
4072 2753 94 25 were

3405 2800 104 27 more
3526 2792 151 43 harshly
3696 2795 151 35 worded
3866 2797 91 35 than
3978 2798 61 33 the
4058 2800 109 35 usual

2564 2899 650 137 Ramsden
3276 2909 304 131 cites
3649 2909 491 142 SISBM

2567 3117 124 91 as
2745 3082 569 156 projected
3367 3088 420 132 Brown
3841 3098 291 126 need

2706 3274 50 43 By
2773 3274 112 35 BILL
2899 3276 296 38 MAGAVERN

2589 3328 90 36 Vice
2709 3331 195 44 president
2934 3331 58 35 for
3020 3334 313 36 administration

2561 3383 77 36 and
2669 3383 153 38 finance
2855 3386 165 38 Richard
3050 3389 197 36 Ramsden
3276 3391 60 36 '59

2561 3439 87 35 told
2676 3441 68 35 the
2772 3441 203 46 Advisory
3002 3444 255 36 Committee
3280 3458 49 22 on

2565 3494 238 46 University
2877 3496 205 49 Planning
3153 3499 181 39 (ACUP)

2559 3551 219 44 yesterday
2808 3553 93 35 that
2935 3554 145 35 Brown
3109 3556 79 35 will
3219 3557 112 35 work

2559 3608 143 33 toward
2726 3606 183 46 fulfilling
2924 3609 213 35 calculated
3159 3613 117 35 needs
3293 3613 43 35 of

2561 3661 96 35 $l5B
2680 3661 145 35 million
2852 3663 35 35 in
2913 3663 44 36 its
2980 3665 76 36 five
3076 3679 88 31 year
3187 3669 140 44 capital

2557 3717 220 44 campaign.

2586 3773 167 36 Brown's
2786 3775 181 35 financial
3000 3776 106 35 chief
3132 3778 80 36 said
3244 3780 82 36 that

2557 3827 68 36 the
2655 3828 66 36 list
2748 3830 41 35 ot
2816 3830 107 36 $l5B
2950 3831 161 36 million
3135 3833 38 35 in
3202 3836 124 35 needs

2557 3890 213 39 represents
2817 3896 20 25 a
2882 3887 220 46 significant
3146 3890 180 36 decrease

2559 3942 104 33 from
2694 3953 20 24 a
2742 3940 106 36 $4OO
2874 3942 164 36 million
3066 3945 129 36 “wish
3225 3946 101 36 list”

2556 3998 186 44 prepared
2759 3998 134 35 earlier
2909 4000 46 44 by
2970 4000 63 35 the
3049 4000 216 44 university.

2584 4052 192 36 Ramsden
2813 4054 146 36 further
2991 4057 121 35 stated
3146 4057 83 36 that
3261 4058 61 36 the

2554 4107 227 47 university
2814 4121 91 35 may
2935 4117 69 31 not
3036 4113 186 44 publicly
3252 4126 47 24 an-

2554 4175 164 25 nounce
2753 4176 50 24 an
2836 4165 164 36 official
3033 4169 93 44 goal
3159 4169 65 35 for
3254 4170 69 36 the

2553 4220 217 46 campaign,
2795 4222 68 35 but
2885 4224 129 35 rather
3035 4225 101 35 work
3157 4227 164 35 towards

2553 4274 183 49 fulfilling
2750 4276 46 36 its
2809 4279 213 35 calculated
3041 4280 129 35 needs.

2578 4331 60 35 He
2665 4332 139 35 added
2833 4332 91 36 that
2956 4334 68 36 the
3054 4335 134 44 major
3214 4337 104 36 fund

2550 4386 132 41 drive,
2724 4387 132 36 which
2904 4391 79 35 had
3027 4392 101 35 been
3172 4392 39 35 in
3250 4392 71 36 the

2551 4443 184 46 planning
2753 4449 128 39 stages
2898 4444 102 36 since
3017 4447 63 35 the
3094 4460 173 24 summer
3282 4449 41 35 of

2556 4498 102 39 1977,
2693 4510 74 25 was
2800 4499 183 47 officially
3014 4502 123 46 begun
3170 4506 83 44 July
3290 4506 28 39 1,

2554 4553 102 35 1978.

2578 4609 35 35 In
2635 4611 109 35 other
2761 4611 189 41 business,
2970 4614 137 36 ACUP
3118 4616 198 36 discussed

2546 4665 44 36 its
2611 4666 88 46 plan
2721 4668 57 35 for
2794 4669 265 47 approaching
3074 4671 63 35 the
3159 4671 159 36 1979-80

2546 4723 145 44 budget
2713 4723 35 35 in
2770 4724 63 35 the
2852 4726 154 44 coming
3022 4739 101 31 year,
3142 4729 76 35 and
3238 4729 80 35 also

3397 3283 164 35 debated
3589 3285 66 35 the
3679 3287 197 44 possiblity
3898 3288 46 35 of
3959 3290 146 46 closing
4126 3296 38 30 to

3397 3339 69 35 the
3499 3350 117 33 press
3644 3351 115 24 some
3787 3342 47 35 of
3857 3342 52 36 its
3940 3345 224 47 upcoming

3397 3392 198 47 meetings.

3595 3450 153 46 Capital
3761 3454 208 44 campaign

3422 3504 192 36 Ramsden
3647 3506 79 35 said
3759 3507 36 33 in
3825 3510 261 47 commenting
4112 3523 47 24 on

3395 3556 68 35 the
3501 3557 157 44 capital
3701 3562 224 47 campaign
3964 3567 91 35 that
4091 3565 69 38 the

3395 3614 200 47 university
3630 3627 85 35 may
3746 3624 66 30 not
4016 3631 49 24 on
4098 3622 63 36 the

3395 3676 102 39 steps
3528 3671 44 35 of
3602 3671 211 47 University
3847 3674 112 36 Half
3989 3677 74 35 and
4096 3688 43 25 an-

3395 3737 162 25 nounce
3586 3739 50 24 an
3666 3728 162 38 official
3857 3731 91 44 goal
3975 3742 44 25 as
4047 3743 112 25 some

3395 3781 235 36 universities
3647 3783 71 35 like
3735 3784 93 35 Yale
3844 3784 91 36 have
3950 3787 113 35 done.

3419 3836 134 36 While
3591 3838 49 35 he
3674 3841 269 44 emphasized
3978 3844 69 35 the
4083 3844 49 35 im-

3394 3898 202 39 portance
3638 3894 44 35 of
3720 3896 68 35 the
3827 3898 243 46 campaign,
4110 3899 47 36 he

3391 3950 186 33 asserted
3609 3950 91 36 that
3729 3962 20 24 a
3778 3954 230 35 successful
4052 3954 102 38 fund

3389 4003 113 35 drive
3535 4005 79 35 will
3647 4011 71 31 not
3748 4009 112 35 solve
3888 4009 52 35 all
3973 4009 184 36 Brown’s

1036 4780 209 77 Palm
1282 4781 254 76 reader

1252 4912 150 151 A
1420 4912 1504 206 flve-dollarfortune

1140 5128 50 44 By
1206 5129 228 36 ANDREW
1450 5131 318 39 GREENBERG

891 5180 110 36 Since
1031 5183 68 33 I'm
1129 5183 117 46 going
1274 5189 38 28 to
1339 5184 44 35 be
1411 5197 19 24 a
1458 5192 104 39 great
1587 5186 205 47 journalist
1819 5200 167 36 anyway,
2013 5192 27 36 it

863 5236 151 36 doesn't
1030 5239 113 43 really
1159 5244 140 31 matter
1313 5241 82 35 how
1411 5243 72 35 this
1501 5244 131 35 article
1647 5249 107 31 turns
1770 5252 77 28 out.

890 5291 47 33 At
961 5291 90 35 least
1072 5293 115 36 that's
1206 5294 101 35 what
1326 5296 184 35 Madame
1532 5298 123 46 May’s
1672 5299 203 47 daughter,
1898 5302 139 46 Sandy,

863 5346 194 44 predicted
1080 5348 98 36 after
1198 5350 161 47 reading
1378 5364 61 33 my
1457 5353 104 46 palm
1578 5357 200 43 yesterday
1794 5361 38 31 at
1850 5357 186 36 Madame

863 5400 123 44 May's
1017 5402 104 35 Palm
1153 5405 74 35 and
1260 5405 101 36 Card
1394 5408 173 46 Reading
1597 5409 129 44 parlor
1753 5422 47 24 on
1831 5411 63 36 101
1929 5414 107 46 Eddy

863 5457 120 36 Street
1000 5458 35 33 in
1054 5460 241 35 Providence.

887 5512 39 33 In
969 5512 71 43 just
1066 5518 61 30 ten
1157 5513 167 38 minutes
1342 5512 16 58 l
1373 5512 17 58 1
1406 5512 82 58 found
1518 5524 66 30 out
1611 5521 219 46 everything
1857 5523 11 35 I
1899 5523 134 47 always

858 5569 148 33 wanted
1030 5573 39 30 to
1090 5570 110 33 know
1222 5572 117 35 about
1361 5583 61 35 my
1441 5573 142 36 future.
1617 5575 87 35 And
1723 5576 134 36 what’s
1876 5591 120 28 more,
2014 5592 19 24 a

857 5620 69 35 few
953 5622 117 36 hours
1093 5624 96 36 after
1213 5625 63 36 the
1301 5627 157 46 reading
1483 5628 13 33 1
1520 5628 220 38 discovered
1767 5633 82 36 that
1874 5635 63 35 the
1961 5635 72 36 five

857 5677 121 36 dollar
1003 5679 63 35 bill
1093 5679 13 35 1
1131 5679 72 36 had
1228 5682 88 44 paid
1340 5683 265 47 mysteriously
1624 5685 120 38 found
1767 5688 46 35 its
1833 5701 79 33 way
1934 5690 96 36 back

857 5731 79 36 into
953 5745 58 31 my
1027 5735 151 43 pocket.

890 5789 11 33 l
915 5789 46 35 he
978 5791 154 46 waiting
1151 5802 104 25 room
1274 5798 35 28 at
1328 5794 186 36 Madame
1529 5795 126 46 May’s
1669 5797 30 36 is
1715 5809 20 24 a
1753 5800 175 44 pleasant
1943 5813 87 25 area

854 5844 85 35 with
969 5855 99 24 none
1094 5846 43 33 of
1156 5846 65 35 the
1241 5858 102 24 worn
1370 5850 200 44 tapestries
1595 5861 41 25 or
1658 5852 110 36 relics
1791 5854 101 36 from
1915 5868 115 36 gypsy

852 5909 184 27 caravans
1052 5901 82 36 that
1150 5913 72 25 one
1238 5909 165 39 expects.

876 5954 187 38 Madame
1106 5957 123 44 May’s
1268 5959 211 47 daughters
1517 5973 63 25 are
1617 5964 183 46 similarly
1838 5965 189 47 pleasant,

850 6009 184 47 although
1065 6013 214 47 noticeably
1304 6027 99 35 wary
1427 6016 43 36 of
1488 6017 65 35 the
1575 6028 118 35 press.
1737 6020 118 36 Their
1877 6024 151 38 mother

850 6065 74 35 had
943 6077 98 35 gone
1057 6072 82 33 out,
1161 6069 9 35 I
1191 6080 74 25 was
1282 6071 93 38 told,
1389 6072 76 35 and
1485 6072 13 35 1
1513 6074 186 38 wouldn’t
1715 6077 46 35 be
1776 6079 87 35 able
1877 6083 41 30 to
1931 6079 98 38 have

849 6131 61 35 my
926 6121 153 36 fortune
1091 6123 80 36 told
1187 6135 43 24 or
1246 6126 88 35 take
1348 6131 109 31 notes
1471 6128 159 38 without
1647 6131 66 35 her
1729 6134 195 44 approval.

874 6175 121 36 When
1016 6176 65 36 she
1096 6181 195 38 returned,
1309 6181 186 36 Madame
1510 6183 104 47 May,
1630 6184 126 38 whose
1770 6189 77 35 real
1865 6200 115 27 name
1995 6191 28 36 is

847 6231 124 35 Marie
994 6233 142 39 Miller,
1156 6236 145 35 needed
1321 6243 39 28 to
1378 6238 47 35 be
1443 6243 200 33 reassured
1661 6241 83 38 that
1762 6243 68 36 her
1847 6244 178 38 business

846 6287 183 36 wouldn’t
1047 6288 47 35 be
1110 6290 65 35 the
1194 6290 148 46 subject
1357 6293 47 35 of
1414 6304 22 25 a
1455 6293 137 38 hostile
1611 6296 142 36 article.
1787 6298 112 38 “You
1918 6301 106 36 write

846 6351 20 24 a
882 6343 96 43 good
995 6348 115 41 story,
1126 6356 98 28 now,
1239 6345 24 13 ”
1277 6348 68 35 she
1361 6346 172 38 insisted.

868 6395 82 38 The
970 6398 98 36 back
1091 6409 106 25 room
1219 6400 46 36 of
1277 6402 66 36 the
1361 6409 104 31 store
1483 6406 154 36 seemed
1660 6417 106 27 more
1786 6408 74 36 like
1879 6419 22 25 a
1918 6409 102 36 hotel

844 6461 107 27 room
970 6452 93 36 than
1082 6465 24 25 a
1121 6455 307 47 fortune-telling
1444 6460 143 43 parlor.
1620 6461 157 41 Despite
1795 6463 66 38 the
1877 6463 146 39 leather

2813 6375 101 27 HmU
2920 6376 85 25 Phmo
3013 6391 17 5 -
3039 6378 94 25 FRED
3142 6378 132 27 HICKEY

2124 6416 247 43 WORRIED
2397 6427 183 41 ABOUT
2603 6431 150 39 YOUR
2778 6436 236 41 FUTURE?
3060 6438 205 41 Madame

2129 6472 99 46 May
2247 6476 74 36 will
2339 6476 54 38 let
2403 6490 80 35 you
2496 6482 117 39 know
2627 6488 102 38 what
2743 6493 43 33 to
2800 6493 139 41 expect
2970 6488 121 35 about
3102 6494 98 36 your
3211 6482 83 38 lore

2118 6529 80 44 life,
2211 6540 142 35 career,
2365 6532 82 36 and
2457 6534 225 44 education.

3398 4104 357 106 Search
3802 4113 287 123 panel

3391 4252 339 126 begins
3778 4255 255 107 hunt

3386 4392 157 104 for
3587 4392 452 109 librarian

3594 4535 52 46 By
3661 4537 91 35 LEE
3769 4537 170 38 ROSEN

3405 4592 132 35 Brown
3561 4592 69 35 has
3649 4592 88 36 thus
3759 4594 57 35 far
3838 4594 167 36 received
4027 4595 118 38 about

3378 4652 79 30 two
3490 4649 132 33 dozen
3660 4650 285 44 applications
3980 4650 63 36 for
4076 4652 69 36 the

3380 4704 225 44 university
3666 4706 233 35 libararian
3961 4707 183 46 position

3378 4761 157 35 vacated
3562 4761 47 44 by
3630 4761 159 36 Charles
3813 4762 238 36 Churchwell
4076 4764 69 38 last

3378 4816 143 46 spring,
3559 4817 206 44 according
3803 4824 38 28 to
3876 4817 131 36 search
4043 4831 77 25 com-

3378 4871 145 36 mittee
3589 4871 106 36 head
3759 4872 173 36 Gordon
3998 4874 146 43 Wood,

3378 4928 192 44 professor
3583 4928 44 35 of
3638 4928 151 46 history.

3405 4983 106 35 None
3526 4983 43 35 of
3578 4983 63 35 the
3657 4983 255 46 applications
3928 4984 93 36 have
4035 4997 109 27 come

3376 5038 98 35 from
3493 5038 65 36 the
3573 5044 153 31 current
3746 5039 137 47 library
3898 5041 104 38 staff,
4020 5043 123 36 Wood

3381 5093 110 38 said,
3521 5094 157 46 adding
3709 5096 233 36 November
3972 5099 16 33 1
4022 5099 30 36 is
4082 5102 68 38 the

3380 5148 180 36 deadline
3584 5150 55 35 for
3665 5153 184 43 potential
3874 5154 217 46 applicants
4109 5162 41 31 to

3381 5203 120 46 notify
3523 5205 134 35 Brown
3677 5206 44 35 of
3737 5208 96 35 their
3855 5209 153 36 interest
4030 5211 36 35 in
4083 5213 65 36 the

3381 5265 129 38 post.

3398 5315 55 35 He
3490 5318 202 41 expressed
3726 5329 162 24 concern
3926 5320 118 36 about
4076 5321 65 36 the

3372 5375 132 47 ability
3526 5376 44 36 of
3589 5378 63 35 the
3674 5376 255 38 committee’s
3948 5378 134 38 efforts
4102 5384 38 31 to

3370 5427 139 35 recruit
3545 5428 228 36 candidates
3809 5430 38 33 in
3885 5430 63 36 the
3984 5439 154 30 current

3370 5482 148 39 search,
3535 5483 220 47 explaining
3773 5485 83 36 that
3874 5488 139 35 several
4030 5488 110 36 other

3370 5537 121 46 major
3523 5540 233 35 universities
3786 5553 61 24 are
3874 5542 82 36 also
3981 5543 154 49 looking

3370 5594 58 35 for
3454 5594 98 35 head
3570 5595 213 35 librarians.

3400 5652 126 41 Wood
3573 5661 79 33 add
3676 5663 33 30 m
3753 5661 91 36 that
3883 5663 69 36 the
3994 5665 142 36 search

3367 5706 243 38 committee
3635 5707 74 36 has
3732 5709 107 36 until
3865 5710 209 47 February
4101 5713 35 41 1,

3372 5761 102 36 1979
3531 5767 43 31 to
3630 5765 123 35 make
3814 5765 102 36 final
3976 5778 132 27 recom-

3367 5817 244 36 mendations
3633 5825 38 30 to
3691 5820 61 35 the
3773 5820 252 47 Corporation
4046 5835 47 25 on
4113 5836 22 25 a

3365 5874 257 46 replacement
3665 5877 58 35 for
3759 5877 252 43 Churchwell,
4047 5880 85 36 who

3364 5935 98 30 went
3493 5935 39 30 to
3567 5931 252 47 Washington
3855 5934 209 49 University
4094 5937 36 36 in

3365 5984 50 36 St.
3435 5986 124 41 Louis,
3578 5987 79 35 Mo.

3589 6039 151 46 ‘Tough
3754 6043 148 36 search’

3365 6096 77 35 “It
3469 6096 71 35 will
3569 6096 44 35 be
3639 6107 20 24 a
3687 6098 118 46 tough
3833 6099 131 36 search
3989 6101 76 36 due
4087 6106 39 35 to

3357 6151 65 36 the
3450 6151 76 36 fact
3557 6153 82 35 that
3669 6154 118 35 about
3817 6165 20 24 a
3865 6156 123 36 dozen
4017 6157 110 36 other

3357 6206 236 38 institutions
3614 6219 65 25 are
3699 6209 79 35 also
3800 6209 36 35 in
3857 6213 93 33 need
3969 6211 44 36 of
4025 6213 99 36 head

3353 6261 220 39 -librarians,
3625 6261 200 47 including
3877 6266 249 43 Dartmouth,

3359 6317 184 41 Cornell,
3603 6323 79 36 and
3743 6324 94 38 four
3890 6331 236 43 California

3644 6378 128 38 Wood
3838 6392 285 36 commented.

3381 6427 57 38 He
3463 6428 208 38 continued
3698 6430 83 38 that
3943 6444 44 25 so
4009 6444 117 38 many

3354 6483 151 39 schools
3524 6485 154 47 looking
3696 6487 60 36 for
3769 6498 22 27 a
3806 6488 197 43 librarian,
4017 6490 107 39 there

1249 6512 222 41 Continued
1482 6531 52 25 on
1548 6518 106 49 Page
1665 6523 22 36 5

1033 4717 219 38 Continued
1266 4731 49 24 on
1332 4720 99 41 Page
1447 4720 17 36 3

3515 2850 219 39 Continued
3748 2869 47 22 o-
3813 2861 99 38 Page
3926 2863 20 35 2

3543 4054 220 35 Continued
3778 4068 49 22 on
3841 4057 101 44 Page
3956 4058 22 35 2

3501 6548 225 38 Continued
3735 6561 52 25 on
3800 6548 104 46 Page
3915 6548 24 35 2
