4393 6800
3513 2589 162 36 rhetoric
3693 2591 96 35 from
3806 2591 61 35 the
3883 2591 280 41 organizations

3732 2657 121 35 many
3894 2647 169 35 months
4102 2647 46 33 of
4183 2657 74 25 con

3513 2701 187 46 fronting
3728 2702 68 33 the
3824 2701 227 46 university
4074 2702 80 35 and
4180 2702 77 35 Cor

3513 2756 195 46 poration
3770 2757 94 35 with
3926 2757 69 35 the
4057 2757 110 35 issue
4222 2761 35 33 to

3871 2813 68 36 the
3980 2814 129 35 SASC
4151 2825 106 35 papei

3512 2877 131 28 states,
3770 2880 61 24 are
3855 2869 91 35 tired
3970 2869 44 35 of
4031 2880 47 24 no
4099 2880 157 33 responsi

3513 2926 72 33 and
3605 2935 49 24 no

3639 2994 17 22 a
3687 2981 181 35 different
4049 2981 60 35 the
4139 2981 120 36 releast

3512 3049 96 33 goes
3639 3049 66 24 on,
3743 3038 293 35 "tomorrow's
4068 3038 102 46 rally
4198 3038 60 35 wil

3509 3094 294 35 demonstrate
3849 3094 98 35 both
3991 3106 74 24 our
4107 3104 151 36 groups

3510 3150 137 36 (SASC
3666 3150 76 35 and
3759 3151 72 31 and
3860 3148 118 38 TWO
3992 3150 189 46 solidarity
4197 3153 61 33 and

3512 3206 148 35 mutual
3679 3211 197 41 contempt
3891 3206 60 35 for
3965 3208 60 35 the
4043 3206 216 46 university's

3546 3318 71 35 file
3644 3318 112 35 TWC
3784 3320 140 35 release
3951 3318 27 36 is
4003 3320 80 35 also
4110 3320 148 44 strongly

3510 3373 159 35 written.
3819 3373 208 43 absolutely
4041 3381 140 27 cannot
4198 3375 60 33 and

3510 3430 79 31 will
3624 3436 69 28 not
3726 3431 157 33 endure
3913 3430 68 33 the
4014 3428 225 44 university
4249 3428 6 44 -
4257 3428 2 44 !

3510 3493 139 36 empty
3701 3483 183 36 rhetoric
3934 3487 80 33 and
4065 3483 194 46 pacifists

3512 3540 213 33 '.rhemes."
3742 3540 24 33 it
3781 3540 184 33 declares.

3553 3598 94 31 Our
3666 3595 120 36 forces
3805 3606 61 24 are
3887 3597 184 43 prepared
4091 3603 38 27 to
4143 3605 113 36 accept

3510 3654 88 33 onl\
3638 3652 129 35 direct
3800 3652 79 35 and
3910 3652 181 35 decisive
4120 3650 137 36 action

3513 3720 60 20 nor
3600 3706 5 35 1
3655 3706 61 35 the
3732 3706 140 35 release
3885 3706 219 35 concludes.

164 3594 205 46 problems.

192 3650 209 35 Ramsden
469 3647 165 35 further
701 3646 227 36 cautioned

164 3704 148 47 against
350 3704 151 44 sinking
535 3707 66 31 too
639 3712 113 35 many
787 3701 140 46 capital

162 3759 206 47 campaign
408 3757 117 35 funds
709 3756 106 35 brick
855 3756 74 35 and

430 3813 236 44 indicating
726 3811 93 36 that
879 3820 50 25 an

162 3869 299 46 overexpansion
494 3868 43 36 of
564 3866 169 36 Brown's
761 3866 170 46 physical

164 3928 107 46 plant
301 3926 113 35 could
449 3935 90 36 pose
570 3923 195 47 problems
797 3921 38 35 in
868 3921 63 36 the

164 3981 140 33 future.

187 4038 87 35 The
310 4038 233 44 budgetary
578 4036 120 35 chief
726 4035 88 35 also
847 4044 57 25 em-

165 4094 181 44 phasized
365 4093 65 35 the
447 4091 128 36 future
594 4091 93 35 need
707 4094 38 31 to
764 4090 169 35 increase

165 4150 63 36 the
249 4148 77 36 toal
345 4154 162 28 amount
526 4146 44 35 of
586 4146 140 35 annual
751 4145 124 46 giving
893 4151 39 30 to

170 4208 131 35 Brown
331 4216 87 24 over
444 4205 65 35 the
534 4208 153 30 current
713 4202 47 35 $8
787 4200 143 36 million

169 4260 101 35 level.

195 4318 58 35 He
279 4315 88 38 said
395 4315 90 36 that
510 4315 68 35 the
603 4312 228 44 university
852 4312 82 35 will

169 4373 91 35 have
291 4376 39 31 to
362 4372 169 36 increase
561 4370 46 36 its
636 4369 142 36 annual
808 4367 126 47 giving

170 4427 296 46 incrementally,
491 4425 153 46 moving
666 4436 49 35 up
735 4424 200 46 gradually

169 4490 41 31 to
236 4485 69 36 the
331 4482 77 36 $l4
431 4480 162 38 million
620 4480 98 36 level
743 4479 46 36 of
813 4480 98 35 Dart-

170 4539 145 36 mouth
351 4539 79 35 and
468 4539 106 35 later
606 4543 41 30 to
680 4537 69 35 the
783 4534 153 38 $2O-22

170 4594 145 38 million
331 4594 91 36 total
438 4592 44 36 of
494 4592 211 35 Princeton.

365 4649 150 44 Budget
528 4647 214 47 procedure

197 4706 157 36 Earlier
387 4706 39 35 in
458 4704 68 36 the
559 4704 198 46 meeting,
792 4704 143 35 ACUP

170 4764 209 35 Chairman
397 4761 96 36 John
517 4761 157 38 Reeder,
691 4759 192 46 professor
899 4757 43 35 of

173 4816 198 47 religious
433 4816 176 38 studies,
672 4816 80 36 and
820 4816 94 36 Vice-

172 4872 219 38 chairman
422 4872 181 46 Cynth-ia
633 4872 206 36 Tedeschi
874 4872 66 35 '79

173 4929 222 35 introduced
414 4924 101 36 what
534 4928 85 44 they
633 4928 80 36 said
729 4939 76 25 was
820 4939 20 25 a
858 4939 79 25 new

173 4986 233 46 procedure
446 4984 38 35 in
526 4984 169 47 dealing
734 4984 96 36 with
868 4984 71 35 the

173 5041 205 46 budget.

195 5091 146 36 Reeder
364 5090 79 38 said
469 5090 63 36 the
553 5088 222 36 committee

170 5161 22 24 a
222 5145 312 47 comprehensive
565 5145 129 36 review
726 5143 44 36 of
794 5143 49 36 all
872 5143 63 35 the

172 5202 121 47 major
312 5203 211 44 budgetary
543 5206 172 41 requests
734 5209 44 25 so
794 5209 54 25 we
863 5208 72 27 can

172 5260 159 38 address
348 5260 63 35 the
428 5258 94 35 hard
543 5255 195 49 questions
754 5254 46 36 of
813 5254 102 36 trade-

170 5315 77 38 offs
268 5317 77 35 and
367 5312 189 49 priorities
575 5312 38 35 in
633 5312 112 35 order
764 5317 39 30 to
824 5312 115 35 make

173 5373 157 44 budget
406 5367 416 38 recommendations
898 5373 44 28 to

170 5427 200 39 President

197 5483 90 36 The
321 5480 143 38 ACUP
494 5479 220 36 chairman
746 5477 91 36 said
871 5477 71 35 the

172 5539 244 38 committee
449 5537 80 36 last
562 5546 96 33 year
688 5532 250 38 considered

175 5594 143 39 several
339 5591 121 47 major
480 5591 142 46 budget
644 5589 124 38 items,
787 5589 69 36 but
874 5587 66 36 did

178 5657 66 30 not
282 5646 348 49 comprehensively
666 5644 175 38 examine
880 5644 63 35 the

176 5707 121 36 whole
328 5706 157 44 budget,
517 5702 107 36 while
657 5701 74 36 this
761 5712 88 35 year
880 5699 63 36 the

178 5764 113 46 panel
422 5757 178 38 consider
614 5757 63 36 the
691 5756 121 35 whole
827 5765 118 35 range

178 5817 46 38 of
250 5817 142 46 budget
422 5819 173 41 requests
624 5813 35 36 in
688 5811 180 44 deciding
896 5820 47 24 on

180 5885 69 25 our

205 5929 200 36 Graduate
449 5926 164 36 Student,
652 5921 296 47 representative

186 5989 184 36 Michael
449 5984 150 38 Levine
671 5981 283 38 maintained,

181 6043 183 35 however,
380 6038 169 36 whether
561 6036 65 36 the
639 6035 191 47 proposed
857 6033 91 46 plan

187 6101 123 38 would
694 6093 150 44 change
883 6090 72 35 last

183 6151 121 47 year's

211 6208 132 35 Levine
381 6206 167 36 asserted
587 6205 83 35 that
709 6200 101 38 this
849 6211 77 24 com-

187 6266 129 36 mittee
351 6276 74 24 was
455 6260 233 38 established
720 6258 60 36 for
811 6269 20 24 a
866 6268 66 36 pur-

187 6332 104 35 pose.
329 6321 14 33 I
361 6318 99 38 cant
483 6317 140 36 believe
639 6315 77 36 this
732 6312 220 38 committee

187 6376 161 36 fulfilled
370 6375 44 35 its
431 6372 362 47 purpose-making
806 6367 148 47 helpful

189 6431 417 38 recommendations
652 6435 41 31 to
740 6430 217 38 President

191 6488 165 35 Swearer
373 6496 49 25 on
439 6485 65 36 the
523 6482 252 47 budget-last
789 6491 102 35 year.
926 6479 30 35 It

189 6542 197 38 shouldn't
414 6542 46 35 be
490 6545 63 30 too
580 6537 169 36 difficult
776 6540 39 33 to
843 6535 115 36 make

191 6598 145 46 helpful

1827 2984 194 44 definitely
2043 2983 27 35 is
2088 2995 20 22 a
2126 2981 181 44 shortage
2323 2983 38 31 ot
2378 2983 220 39 competent

1855 3094 216 44 According
2091 3099 39 30 to
2153 3094 135 35 Wood,
2310 3093 65 35 the
2395 3088 203 46 university

1828 3157 115 30 wrote
1970 3151 128 35 letters
2120 3156 39 28 to
2184 3146 167 47 possible
2372 3146 228 35 candidates

1828 3209 80 35 and
1950 3208 238 36 advertised
2227 3206 69 36 the
2335 3203 183 41 position
2561 3203 36 35 in

1830 3263 157 38 several
2025 3269 266 38 newspapers
2328 3260 39 33 in
2403 3258 123 35 order
2561 3261 41 31 to

1831 3323 176 43 generate
2044 3329 39 24 as
2118 3328 113 33 many
2268 3312 258 49 applications
2561 3323 41 24 as

1831 3375 180 46 possible.

1882 3430 79 35 The
1989 3428 222 35 committee
2241 3425 28 35 is
2301 3425 157 35 assisted
2491 3425 36 33 in
2557 3425 46 33 its

1831 3487 146 35 search
2013 3485 50 44 by
2091 3483 131 35 heads
2252 3482 46 33 of
2320 3482 121 33 other
2471 3477 132 46 major

1831 3539 173 35 libraries
2047 3535 76 35 and
2169 3531 265 38 associations.
2482 3532 120 35 Wood

1831 3595 129 33 said.

1882 3693 107 36 After
2008 3691 65 36 the
2093 3690 216 35 November
2328 3687 195 36 deadline,
2543 3685 63 35 the

1833 3746 224 38 committee
2079 3745 110 46 plans
2214 3750 36 28 to
2274 3742 110 46 bring
2403 3740 142 36 several
2567 3739 39 35 of

1835 3805 65 36 the
1935 3808 96 30 most
2066 3798 213 50 promising
2310 3798 227 36 candidates
2570 3802 36 30 to

1838 3860 134 35 Brown
1987 3857 58 36 for
2060 3865 231 36 on-campus
2309 3852 222 36 interviews.

1866 3970 38 35 In
1939 3970 173 36 addition
2145 3976 41 30 to
2249 3970 134 38 Wood,
2414 3972 63 35 the
2506 3981 77 25 com-

1838 4025 143 35 mittee
2017 4025 31 35 is
2083 4025 238 44 comprised
2359 4025 46 35 of
2435 4025 172 46 English

1836 4080 205 46 chemistry
2080 4080 194 47 professor
2307 4082 124 35 Julian
2471 4083 137 36 Gibbs,

1839 4139 254 44 psychology
2131 4135 213 46 professor
2381 4135 227 46 Rosemary

1839 4192 236 39 Sorrentino.
2112 4194 102 35 dean
2250 4192 44 35 of
2324 4192 63 35 the
2422 4192 186 46 graduate

1838 4249 131 38 school
1995 4249 131 35 Ernest
2153 4247 184 38 Frerichs,
2361 4247 99 35 dean
2483 4246 47 36 of
2545 4246 63 36 the

1838 4306 143 46 college
2025 4304 145 35 Walter
2211 4304 164 44 Massey,
2416 4301 192 38 executive

1838 4359 135 38 officer
1995 4359 46 36 of
2058 4359 65 36 the
2146 4357 142 46 faculty
2315 4357 82 35 Eric
2424 4357 184 38 Widmer,

1839 4416 128 46 acting
2013 4414 181 38 librarian
2238 4414 128 36 Stuart
2406 4414 202 36 Sherman,

1839 4472 74 35 and
1953 4471 109 35 Anne
2096 4469 161 39 Randle,
2291 4469 153 36 Marion
2482 4469 126 36 Sabol.

1839 4529 77 35 and
1946 4528 123 46 Becky
2098 4528 200 35 Anderson
2321 4526 44 35 of
2384 4526 63 36 the
2474 4526 134 44 library

1839 4581 104 36 staff.

225 238 178 80 Bell
439 236 288 96 gallery-

258 373 661 156 Wooden
978 373 671 156 wonders

194 580 85 35 The
337 578 236 36 exhibition
631 578 47 35 of
734 578 173 35 Edward

145 635 164 44 Mayer's
340 635 195 44 sculpture
567 635 36 35 in
635 635 63 35 the
731 635 79 35 Bell
841 633 68 36 Art

143 691 80 46 gall
231 702 68 33 ery
332 690 30 36 is
395 701 50 24 an
476 688 323 46 overwhelming
828 688 79 35 and

143 746 162 44 exciting
323 746 120 35 visual
460 745 224 46 experience
701 745 208 46 consisting

143 802 44 36 of
209 802 224 46 nonpegged
458 802 107 33 wood
591 800 77 35 lath
693 800 214 35 assembled

143 858 36 35 in
211 858 54 36 six
293 869 83 33 very
406 857 181 46 powerful
619 858 72 33 and
724 866 184 25 awesome

145 913 135 46 pieces.

197 970 156 44 Mayer,
378 980 20 24 a
425 970 143 31 Brown
592 969 206 44 graduate
820 969 90 31 who

145 1025 170 35 teaches
343 1028 41 31 at
413 1024 110 35 Ohio
554 1022 250 46 University,
836 1024 76 35 has

146 1080 184 46 arranged
356 1079 63 36 the
441 1079 87 35 four
551 1090 41 24 or
614 1079 176 35 two-foot
822 1079 88 44 long

146 1137 90 35 slats
272 1135 79 36 into
384 1135 120 35 forms
539 1134 230 46 resembling
802 1145 88 24 enor-

148 1203 109 24 mous
274 1202 124 35 cages,
420 1191 151 38 houses,
592 1202 43 24 or
655 1191 153 35 frames.
831 1191 80 35 The

146 1247 131 35 viewer
298 1247 28 35 is
346 1247 128 35 forced
498 1252 38 28 to
553 1246 139 35 stretch
713 1246 55 35 his
786 1257 44 22 or
849 1246 65 33 her

148 1304 247 44 imagination
416 1304 76 35 and
509 1302 219 44 perception
743 1301 167 46 through

146 1359 68 35 the
265 1357 159 36 artists
472 1356 230 47 expansion
753 1356 47 35 of
843 1356 71 36 the

148 1414 222 33 limitations
386 1414 43 33 of
439 1414 57 33 his
510 1413 208 35 materials.

195 1469 88 35 The
332 1469 294 44 meticulously
674 1469 236 35 assembled

148 1526 211 46 sculptures
397 1535 63 25 are
498 1524 206 46 composed
743 1523 43 36 of
817 1524 71 35 hun-

146 1581 115 35 dreds
279 1581 43 35 of
335 1581 121 44 pieces
474 1581 43 35 of
526 1581 79 35 lath
622 1580 290 46 symmetrically

148 1636 202 35 combined
375 1636 120 33 which
521 1635 153 46 provide
699 1647 20 22 a
743 1646 109 24 sense
874 1635 38 35 of

148 1691 128 47 agility
309 1693 76 35 and
420 1691 211 35 consistant
665 1690 83 36 flow
780 1694 39 31 to
849 1690 63 36 the

148 1748 113 31 work.

200 1803 85 35 The
313 1802 146 39 forms,
490 1800 202 46 although
721 1800 192 38 massive,

153 1869 142 35 appear
309 1863 39 31 to
362 1869 150 35 possess
528 1868 47 25 an
591 1855 150 36 infinite
756 1860 157 31 amount

151 1913 43 36 of
211 1913 132 46 depth,
369 1913 191 46 grandeur
580 1912 74 35 and
676 1912 238 44 suppleness.

153 1970 79 35 The
249 1970 129 35 viewer
395 1969 178 35 becomes
592 1969 71 33 lost
679 1965 128 36 within
822 1965 91 35 each

153 2025 104 35 form
302 2025 79 35 and
424 2025 33 35 is
496 2025 93 35 able
630 2028 41 31 to
710 2024 203 44 interpret

153 2080 216 46 something
402 2091 83 33 very
520 2079 175 46 personal
728 2077 186 44 conveyed

153 2139 47 41 by
214 2137 63 36 the
291 2135 120 38 artist.

205 2191 181 46 Mayers
413 2191 148 35 earlier
587 2191 131 35 shows
742 2189 176 44 directly

154 2249 187 35 involved
386 2247 69 35 the
493 2246 159 39 viewer,
693 2246 90 33 who
824 2257 71 35 par-

153 2304 203 44 ticipated
391 2304 39 35 in
461 2304 69 35 the
561 2301 187 36 creation
780 2299 47 36 of
849 2301 69 36 the

153 2361 230 44 sculpture.
414 2357 106 36 That
550 2370 113 24 same
693 2356 156 46 feeling
877 2356 41 35 of

159 2416 178 43 intimacy
353 2411 28 36 is
395 2413 187 43 conveyed
602 2414 47 43 by
663 2414 63 36 the
798 2425 120 25 newer

153 2471 342 44 works--although
520 2469 63 35 the
605 2469 107 35 artist
734 2469 68 35 has
822 2468 96 36 built

154 2528 102 36 them
291 2526 165 38 himself,
487 2526 65 35 the
581 2524 132 36 viewer
743 2535 71 24 can
846 2523 72 36 still

156 2589 151 39 portray
328 2583 104 35 them
457 2581 36 35 in
518 2581 58 35 his
598 2592 41 24 or
663 2581 66 35 her
753 2581 106 35 mind
883 2580 35 35 in

156 2652 49 22 an
220 2638 148 36 infinite
384 2639 162 33 number
561 2636 44 35 of
614 2636 181 35 different
811 2647 107 31 ways.

205 2694 79 35 The
306 2694 107 35 artist
431 2693 198 36 described
652 2694 63 35 the
735 2693 121 35 works
880 2702 39 24 as

156 2750 222 47 perplexing
411 2756 36 28 at
476 2748 66 36 the
572 2748 137 35 show's
739 2746 183 46 opening,

157 2808 134 44 largely
318 2806 164 36 because
509 2805 44 36 of
572 2805 98 36 their
696 2802 222 47 ambiguity.

156 2863 87 35 The
283 2869 241 38 temporary
567 2860 159 46 quality
769 2860 46 35 of
854 2860 69 35 the

159 2920 269 44 assemblages,
449 2917 121 35 which
591 2928 63 24 are
674 2917 113 35 taken
811 2921 110 39 apart

159 2973 96 36 after
274 2973 93 36 each
384 2972 211 36 exhibition
614 2973 76 35 and
709 2970 214 39 arbitrarily

159 3031 250 44 rearranged
438 3035 39 30 at
502 3028 71 36 the
600 3035 96 28 next
720 3027 202 46 showing,

161 3087 102 35 leads
283 3093 39 28 to
342 3085 74 36 this
436 3085 175 46 problem
631 3083 44 36 of
687 3083 236 36 definition

161 3154 91 24 once
266 3142 246 46 interpreted,
526 3140 65 35 the
605 3140 79 35 lath
699 3151 71 22 can
787 3139 135 46 simply

161 3198 46 36 be
222 3198 227 44 rearranged
466 3197 80 36 into
561 3208 20 24 a
597 3208 79 24 new
691 3195 110 35 form.

213 3254 98 35 Each
337 3252 41 36 of
397 3252 65 36 the
483 3252 55 35 six
561 3252 123 35 works
707 3261 150 35 possess
879 3250 44 36 its

161 3321 82 24 own
276 3310 198 35 character
509 3309 74 35 and
619 3318 74 24 was
726 3306 197 46 displayed

978 575 87 35 with
1090 586 85 24 care
1198 575 38 35 in
1260 575 211 35 individual
1494 586 110 25 areas
1624 575 46 35 of
1683 576 61 35 the

978 631 151 44 gallery.
1169 631 161 35 Viewers
1364 643 72 24 can
1469 631 96 35 walk
1598 633 146 35 around

976 687 93 35 each
1096 687 104 44 piece
1224 693 39 28 to
1285 687 176 35 examine
1483 687 63 35 the
1572 687 173 35 intricate

976 742 115 35 detail
1134 742 44 35 of
1211 743 63 33 the
1310 742 276 38 construction,
1625 743 120 35 which

978 808 162 35 appears
1154 798 183 36 different
1353 798 98 35 from
1466 798 94 35 each
1578 798 123 44 angle.

1027 860 91 35 Two
1134 858 214 44 sculptures
1365 854 186 35 resemble
1567 854 176 38 beehives

978 909 35 33 in
1036 909 131 47 shape,
1187 910 106 35 three
1310 921 63 24 are
1392 910 228 38 house-like,
1638 909 107 36 while

978 975 19 24 a
1020 964 98 35 sixth
1150 976 159 31 conveys
1343 965 61 33 the
1425 964 225 46 impression
1671 964 43 35 of
1728 975 17 24 a

978 1019 112 35 roller
1118 1025 148 30 coaster
1291 1031 44 24 or
1361 1031 20 24 a
1409 1019 112 36 series
1548 1019 44 35 of
1613 1019 132 46 falling

976 1076 214 35 dominoes.

1027 1131 80 35 The
1142 1131 132 44 Mayer
1304 1131 101 35 show
1439 1131 69 35 will
1542 1132 44 33 be
1617 1137 36 28 at
1683 1131 61 36 the

980 1187 77 33 Bell
1082 1187 139 44 gallery
1246 1187 35 33 in
1307 1187 63 35 the
1395 1187 74 35 List
1493 1192 57 30 art
1572 1187 173 46 building

978 1243 93 33 until
1090 1243 169 33 October
1276 1243 57 33 2b.

1028 1299 80 33 The
1128 1299 140 44 gallery
1301 1299 25 30 is
1346 1310 101 35 open
1471 1299 96 33 from
1594 1299 38 31 11
1657 1310 88 24 a.m.

978 1359 38 30 to
1031 1353 24 35 4
1074 1364 90 35 p.m.
1184 1365 47 24 on
1252 1356 197 43 weekdays
1466 1356 71 33 and
1556 1354 99 35 from
1677 1354 11 33 1
1709 1361 36 30 to

978 1408 20 35 4
1016 1420 91 33 p.m.
1123 1420 47 22 on
1187 1409 213 35 weekends.

1474 1466 123 43 Peggy
1609 1466 135 35 Jacobs

1098 1539 334 91 Campus
1465 1539 280 74 cuisine

1200 1671 376 157 Fear
1624 1666 169 157 of
1830 1663 487 189 frying

1008 1912 187 35 Socrates,
1219 1910 33 33 in
1276 1921 72 22 one
1365 1909 39 35 of
1422 1907 57 35 his
1498 1907 198 44 dialogues
1715 1907 36 31 in

987 1967 77 35 The
1082 1965 202 44 Republic,
1301 1964 233 35 determines
1550 1964 82 35 that
1647 1973 104 33 every

983 2022 124 43 object
1140 2022 76 35 and
1252 2017 209 38 individual
1494 2017 68 35 has
1595 2016 46 36 its
1672 2027 79 25 own

983 2077 140 46 special
1161 2083 104 28 arete
1293 2087 43 24 or
1367 2074 213 36 excellence
1611 2072 82 36 that
1726 2071 25 36 it

984 2132 189 47 performs
1191 2132 121 33 better
1326 2131 93 35 than
1438 2140 71 33 any
1523 2129 120 35 other.

1013 2189 172 43 Despite
1209 2187 50 35 its
1285 2187 93 35 lack
1402 2186 46 35 of
1466 2184 146 35 french
1638 2183 113 38 fries,

983 2238 128 35 onion
1140 2238 115 46 rings
1283 2249 44 24 or
1356 2236 88 36 veal
1474 2235 277 39 sandwiches,

987 2299 134 35 ECDC
1143 2309 162 35 appears
1326 2302 41 30 to
1387 2298 44 33 be
1454 2296 99 33 Food
1576 2294 175 35 Services

987 2364 113 24 arete.

1016 2411 150 35 Instead
1192 2409 41 35 of
1255 2408 157 46 braving
1435 2408 61 35 the

987 2466 169 46 (again?)
1184 2477 44 22 or
1258 2466 94 44 pork
1387 2463 121 46 chops
1539 2461 146 35 offered
1718 2472 39 22 as

987 2529 165 27 entrees
1184 2521 65 35 for
1279 2520 153 36 dinner
1465 2520 77 33 last
1576 2517 134 46 night,
1746 2517 13 33 I

987 2576 176 36 decided
1211 2581 41 30 to
1296 2576 98 35 take
1438 2575 236 43 advantage
1718 2573 41 33 ot

991 2631 186 36 Brown's
1206 2630 157 47 unique
1392 2631 79 33 and
1501 2627 258 36 benefieient

987 2693 192 30 contract
1213 2687 131 35 credit
1378 2690 170 41 system,
1581 2685 82 35 and
1691 2688 68 30 eat

987 2745 139 35 dinner
1142 2748 38 30 at
1197 2742 146 36 ECDC.

1013 2798 80 36 The
1115 2798 142 36 factors
1277 2798 83 35 that
1380 2798 113 35 make
1515 2795 134 35 ECDC
1666 2795 93 35 such

989 2868 20 22 a
1055 2866 167 24 success
1266 2865 69 24 are
1378 2852 154 36 subtle,
1578 2852 74 33 but
1691 2852 68 33 the

992 2912 197 43 jukebox,
1222 2921 124 24 warm
1378 2909 117 35 wood
1529 2907 80 36 and
1641 2906 118 36 brick

989 2965 148 46 design,
1175 2965 74 35 and
1282 2964 96 36 wide
1409 2962 139 46 variety
1580 2962 44 35 of
1652 2973 80 24 mun-

991 3022 102 35 chies
1109 3022 69 35 win
1195 3033 61 24 me
1272 3031 98 25 over.

1022 3079 165 44 Perhaps
1231 3077 63 35 the
1339 3076 198 46 agreeable
1580 3085 159 25 surroun-

992 3135 112 44 dings
1124 3135 112 33 made
1258 3145 60 22 me
1340 3132 74 35 like
1435 3132 65 35 the
1515 3131 90 33 food
1625 3131 135 38 better,

992 3202 44 24 or
1054 3191 135 44 maybe
1205 3191 65 35 the
1288 3189 90 35 food
1397 3187 30 36 is
1446 3186 164 46 actually
1625 3187 137 35 decent

994 3247 132 38 there,
1154 3246 11 35 I
1194 3250 154 30 cannot
1376 3244 128 43 really
1531 3243 87 38 tell,
1646 3243 72 35 but
1748 3243 13 35 I

995 3302 112 44 really
1124 3302 98 35 liked
1239 3301 129 46 eating
1383 3301 137 35 dinner
1535 3304 35 30 at
1589 3296 146 36 ECDC.

1020 3357 146 38 ECDC,
1186 3356 287 44 affectionately
1488 3356 90 36 (and
1595 3354 167 44 perhaps

995 3425 106 22 more
1123 3413 214 44 accurately
1364 3413 9 35 )
1397 3411 135 35 known
1557 3420 39 24 as
1620 3409 143 44 Greasy

995 3469 137 43 Deasy,
1162 3479 121 33 opens
1317 3468 58 35 for
1403 3466 117 36 credit
1551 3469 36 31 at
1617 3469 22 31 b
1669 3476 91 35 p.m.

995 3526 80 33 and
1115 3523 132 36 offers
1282 3535 49 22 an
1370 3521 180 46 atypical
1587 3521 79 35 and
1706 3521 38 35 in-

994 3580 189 46 complete
1200 3580 72 36 fast
1290 3580 88 35 food
1395 3589 129 25 menu.

1024 3636 11 33 1
1066 3635 129 35 found
1228 3635 192 44 globules
1449 3635 46 33 of
1520 3643 115 27 some
1660 3631 104 36 slick

995 3702 142 31 orange
1175 3691 209 35 substance
1422 3688 164 46 floating
1624 3698 140 35 among

994 3746 63 35 the
1074 3756 101 25 meat
1195 3748 74 33 and
1287 3757 115 25 sauce
1416 3746 44 35 of
1472 3759 58 33 my
1543 3746 104 35 chili.
1677 3745 83 35 And

995 3803 71 35 the
1106 3803 191 43 burgers,
1337 3798 230 47 according
1606 3805 43 30 to
1687 3809 77 25 one

995 3858 159 36 worker,
1170 3868 63 25 are

1020 3913 80 35 The
1123 3921 98 28 taco,
1243 3912 109 36 while
1372 3912 129 36 tamed
1518 3912 77 35 and
1614 3910 129 46 gringo-

997 3970 96 36 ized,
1109 3981 24 20 w
1143 3981 41 22 as
1197 3969 128 35 edible
1339 3969 76 35 and
1431 3978 90 25 even
1537 3965 213 44 enjoyable.

1025 4025 8 35 1
1080 4025 117 35 don't
1244 4025 113 33 know
1409 4025 109 33 Food
1564 4022 200 35 Services'

997 4080 206 44 reasoning
1220 4079 140 36 behind
1384 4079 61 35 the
1461 4079 306 44 disappearance

997 4137 43 35 of
1057 4137 61 35 the
1137 4139 101 43 deep
1258 4135 120 46 frying
1403 4134 187 39 machine,
1614 4135 69 33 but
1704 4134 63 35 the

1000 4194 83 33 lack
1113 4192 43 35 of
1183 4191 91 36 tried
1309 4191 109 35 foods
1446 4198 83 27 cuts
1556 4197 65 28 out
1649 4191 118 35 about

998 4247 85 35 half
1091 4247 44 35 of
1148 4249 60 33 EC
1216 4247 101 35 DCs
1331 4257 129 25 menu.

1028 4304 83 35 How
1132 4313 72 25 can
1224 4304 99 33 Food
1342 4301 167 36 Services
1523 4307 132 39 expect
1674 4312 41 24 us
1732 4306 38 30 to

997 4367 66 28 eat
1101 4359 277 44 hamburgers
1414 4356 173 38 without
1622 4356 145 35 french

1000 4414 112 38 fries?

1022 4471 82 35 The
1135 4472 165 33 desserts
1332 4477 36 27 at
1405 4469 134 35 ECDC
1572 4479 63 25 are
1666 4479 83 25 over-

1002 4526 126 46 priced
1151 4526 60 35 (45
1231 4532 107 28 cents
1361 4524 58 35 for
1436 4535 20 24 a
1474 4524 148 35 sundae
1639 4523 132 46 cup?!)

1002 4583 65 33 but
1101 4583 63 33 the
1195 4581 96 35 wide
1320 4580 142 36 variety
1490 4580 46 35 of
1557 4580 57 36 ice
1641 4591 128 24 cream

1825 1904 87 35 bars
1931 1904 74 35 and
2025 1904 65 35 the
2109 1902 77 36 fine
2205 1904 124 35 baked
2345 1904 121 44 goods
2482 1902 112 35 make

1822 1961 143 33 dessert
1983 1959 94 35 hard
2094 1964 41 30 to
2150 1957 120 36 resist.

1852 2016 49 35 As
1935 2016 61 35 the
2031 2014 69 35 last
2134 2014 170 46 supplier
2334 2013 43 36 of
2400 2017 94 35 true,
2528 2025 44 22 un-

1827 2071 165 36 natural
2030 2069 236 38 munchies,
2301 2069 143 35 ECDC
2476 2069 120 35 takes

1825 2129 214 44 advantage
2076 2124 43 38 of
2150 2124 46 36 its
2230 2124 183 35 cornered
2447 2123 148 35 market

1828 2184 76 35 and
1926 2183 159 47 charges
2102 2183 91 44 high
2214 2180 121 46 prices
2353 2180 58 35 for
2430 2178 46 36 its
2493 2180 82 35 take-

1827 2238 239 36 home-ables
2082 2236 181 38 (SOcents
2280 2235 55 35 for
2351 2235 202 44 yogurt?!).

1849 2294 87 35 The
1964 2294 181 43 jukebox
2175 2296 39 31 at
2243 2291 143 38 ECDC
2413 2291 106 35 adds
2546 2301 49 24 an

1827 2356 115 28 extra
1970 2348 156 46 special
2154 2346 128 36 touch
2309 2351 44 30 to
2378 2346 69 35 the
2472 2356 123 25 warm

1827 2405 134 46 dining
1975 2405 258 44 atmosphere.

1857 2463 165 35 ECDCs
2043 2461 134 46 design
2198 2461 209 35 maintains
2428 2472 20 22 a
2466 2471 129 27 warm,

1828 2521 173 43 pleasant
2020 2518 246 46 atmosphere
2283 2517 6 47 .
2320 2518 65 35 It's
2400 2518 47 43 by
2463 2517 57 35 far
2535 2517 60 35 the

1828 2580 99 30 most
1954 2575 151 35 relaxed
2134 2573 44 35 of
2197 2573 66 35 the
2291 2573 101 35 Food
2419 2572 176 36 Services'

1828 2631 117 33 snack
1964 2631 98 33 bars.

1866 269 805 191 Around
2713 269 701 187 Brown

1962 517 109 36 Class
2085 517 104 36 Arch
2203 517 77 36 and
2294 515 31 36 T
2340 515 88 36 Arts

1861 573 85 35 The
1980 572 191 36 creation
2205 573 46 35 of
2277 583 22 25 a
2332 572 151 36 Center
2518 570 61 35 for

1811 628 183 36 Classical
2020 627 263 46 Archaeology
2302 627 74 35 and
2400 625 80 38 Art,
2504 625 74 35 and

1813 696 19 25 a
1858 685 68 36 full
1956 685 255 44 Department
2236 683 43 35 of
2301 682 165 36 Theatre
2493 682 87 35 Arts

1814 742 69 35 has
1918 740 94 35 been
2046 739 192 44 approved
2272 739 46 43 by
2350 739 65 33 the
2449 737 131 33 Brown

1813 795 268 44 Corporation.

1865 850 165 36 Classics
2049 849 194 47 professor
2263 849 93 35 Ross
2376 847 206 44 Holloway,

1814 920 46 22 an
1891 913 131 39 expert
2052 906 36 35 in
2118 906 129 35 Greek
2276 910 69 31 art,
2373 902 106 36 coins
2506 904 76 35 and

1817 964 151 35 Italian
1998 961 271 46 pre-history,
2296 959 80 33 will
2403 969 113 24 serve
2543 969 43 24 as

1814 1017 184 35 director
2050 1016 47 36 of
2146 1016 69 36 the
2271 1025 85 25 new
2409 1013 175 36 classics

1814 1071 455 49 department-affiliated
2285 1074 142 30 center.

1866 1129 82 35 The
1970 1129 82 35 first
2072 1128 200 36 chairman
2293 1126 46 35 of
2353 1126 63 35 the
2438 1124 148 49 tlnjatre

1817 1191 76 30 arts
1910 1186 247 43 department
2176 1181 96 35 until
2291 1192 80 24 now
2387 1191 20 25 a
2424 1180 161 36 division

1816 1241 43 35 of
1883 1241 63 35 the
1978 1239 154 46 English
2162 1239 244 44 department
2439 1236 69 35 will
2540 1236 46 33 be

1817 1296 164 35 theatre
2013 1301 83 28 arts
2126 1293 216 46 professor
2370 1293 135 35 James
2535 1291 50 35 O.

1820 1351 181 36 Barnhill.

2024 1405 206 46 Upwardly
2246 1403 142 36 mobile

1872 1460 208 36 Katherine
2170 1460 87 35 Hall
2282 1460 74 35 and
2444 1458 140 35 Robert

2657 520 145 44 Ripley
2839 520 101 35 have
2978 520 106 35 been
3123 518 219 46 promoted
3381 523 41 30 to

2654 575 186 46 positions
2868 587 41 22 as
2935 573 186 36 associate
3146 575 121 33 deans
3293 573 44 35 of
3359 573 63 35 the

2655 631 165 44 College,
2850 630 206 46 according
3085 635 39 30 to
3154 630 107 33 Dean
3291 628 44 35 of
3361 628 61 35 the

2655 687 151 43 College
2824 687 145 35 Walter
2983 687 162 43 Massey.

2709 742 98 35 Hall,
2827 753 46 22 an
2891 739 176 36 assistant
3085 740 101 33 dean
3202 739 57 35 for
3274 739 63 35 the
3353 739 69 35 last

2655 797 85 35 four
2773 808 120 33 years,
2929 797 69 33 will
3035 795 107 36 chair
3172 795 63 35 the
3268 795 151 46 pre-law

2655 852 175 44 advisory
2844 852 222 35 committee
3085 852 72 35 and
3178 860 167 35 approve
3361 850 61 35 the

2657 918 198 36 programs
2874 907 41 35 of
2929 909 109 33 those
3055 907 176 35 students
3246 906 176 46 studying

2657 969 35 30 at
2718 964 109 35 other
2847 962 203 35 American
3074 962 161 35 schools.
3260 962 74 33 She
3353 962 69 31 will

2657 1019 79 33 also
2770 1019 99 33 w'ork
2902 1017 88 35 with
3027 1028 121 35 upper
3178 1017 98 35 class
3307 1027 93 25 coun-

2657 1074 120 43 seling
2805 1076 74 33 and
2912 1074 69 33 will
3009 1074 88 43 help
3124 1072 131 44 design
3283 1072 139 44 special

2657 1131 173 35 research
2847 1131 175 44 projects.

2709 1186 145 46 Ripley,
2885 1186 162 35 another
3074 1184 140 35 former
3246 1184 178 35 assistant

2655 1243 123 36 dean,
2816 1243 76 35 has
2926 1243 102 35 been
3066 1241 265 46 responsible
3362 1241 61 33 for

2657 1296 194 46 advising
2887 1298 197 35 students
3123 1294 227 36 interested
3387 1294 36 35 in

2657 1353 189 35 medicine
2861 1356 74 31 and
2954 1353 112 35 allied
3083 1353 128 35 health
3230 1351 121 36 fields.

2828 1411 255 44 Corporation
3099 1416 38 28 to
3154 1414 94 28 meet

2688 1469 76 35 The
2814 1469 143 35 Brown
3008 1465 285 47 Corporation
3343 1463 79 33 will

2654 1526 150 35 discuss
2817 1524 63 35 the
2894 1521 143 47 capital
3055 1521 91 35 fund
3162 1520 208 46 campaign
3387 1524 36 30 at

2657 1581 44 35 its
2724 1581 82 35 first
2831 1580 165 46 meeting
3022 1578 74 35 this
3121 1575 197 38 academic
3339 1586 87 33 year

2657 1636 137 44 Friday
2822 1636 74 33 and
2926 1635 202 43 Saturday,
3156 1630 205 46 according
3389 1636 36 28 to

2657 1691 85 36 vice
2802 1691 213 44 president
3077 1687 61 36 for
3197 1687 228 43 university

2657 1746 156 35 Robert
2855 1743 189 38 Reichley.

2683 1803 195 44 Reichley
2926 1802 90 35 also
3066 1798 87 36 said
3208 1797 216 35 President

2658 1860 176 35 Howard
2888 1858 183 35 Swearer
3118 1852 135 35 would
3306 1850 120 44 bring

2657 1921 181 30 trustees
2861 1924 55 33 up
2940 1918 41 28 to
3005 1912 96 35 date
3124 1921 50 24 on
3200 1909 69 35 the
3294 1906 131 36 South

2658 1970 143 35 Africa
2926 1964 250 39 divestiture
3301 1964 124 33 issue.

2687 2024 80 35 The
2795 2022 271 46 Corporation,
3098 2022 181 36 howeveri
3309 2022 28 33 is
3365 2025 66 30 not

2660 2079 181 44 expected
2868 2083 41 28 to
2935 2083 98 28 meet
3060 2077 88 35 with
3178 2077 189 35 members
3391 2076 46 36 of

2661 2135 68 33 the
2772 2134 208 35 Southern
3022 2132 142 36 Africa
3205 2131 227 46 Solidarity

2660 2189 255 36 Committee
3014 2189 153 46 during
3266 2187 165 46 todays

2660 2244 209 36 scheduled
2885 2244 104 44 rally,
3011 2243 173 44 Reichley
3202 2244 128 33 noted.

2688 2301 255 44 Corporation
2964 2301 195 35 members
3175 2299 71 35 will
3266 2299 44 36 sit
3331 2299 35 35 in
3386 2312 49 24 on

2658 2356 238 35 discussions
2935 2356 44 35 of
3014 2356 181 35 different
3233 2356 198 35 academic

2661 2424 200 35 programs
2898 2424 49 24 on
2986 2424 162 33 campus
3187 2411 146 44 Friday,
3370 2422 41 24 ac-

2660 2469 162 43 cording
2846 2476 38 28 to
2913 2469 187 43 Reichley.
3156 2466 148 46 During
3328 2468 104 33 these

2661 2523 162 36 sessions
2857 2523 143 46 faculty
3028 2523 194 35 members
3250 2523 71 33 will
3353 2523 79 35 talk

2663 2580 118 36 about
2802 2580 61 35 the
2880 2591 134 24 course
3031 2578 184 46 offerings
3235 2580 76 33 and
3328 2578 106 46 goals

2661 2635 43 35 of
2715 2635 99 35 their
2827 2635 211 46 particular
3050 2635 279 44 departments.

2690 2690 239 47 According
2981 2698 41 27 to
3074 2688 209 46 Reichley,
3335 2688 72 35 Cor-

2668 2746 175 46 poration
2866 2746 192 35 members
3080 2746 69 33 will
3173 2746 46 33 be
3239 2746 129 33 shown
3387 2756 49 22 on

2671 2802 134 46 Friday
2820 2802 106 46 night
2943 2802 63 35 the
3022 2813 79 24 new
3118 2798 79 36 film
3214 2811 47 24 on
3282 2800 146 35 Brown.

2691 2860 61 33 On
2781 2860 202 43 Saturday,
3005 2858 63 35 the
3090 2855 254 47 Corporation
3364 2855 72 33 will

2669 2913 91 35 hear
2795 2924 19 22 a
2849 2912 113 35 series
2994 2912 44 35 of
3066 2920 145 36 reports
3244 2912 99 33 from
3375 2910 65 35 the

2668 2969 169 36 various
2860 2967 285 47 Corporation
3172 2965 268 36 committees

2669 3025 198 44 including
2893 3036 20 24 a
2943 3025 69 35 five
3038 3035 88 35 year
3153 3030 126 39 report
3302 3035 49 22 on
3376 3024 63 35 the

2671 3082 161 35 medical
2849 3082 142 35 school.

2831 3137 143 44 Lights,
2989 3146 169 27 camera,
3172 3134 112 35 teach

2706 3194 8 33 1
2729 3192 46 36 he
2798 3192 265 46 development
3087 3191 113 35 office
3220 3205 13 20 s
3257 3202 79 24 new
3356 3191 82 33 film

2669 3260 49 24 on
2746 3249 146 36 Brown,
2918 3249 187 44 prepared
3134 3249 55 31 tor
3214 3247 60 33 the
3299 3244 142 46 capital

2672 3304 93 36 fund
2784 3304 220 46 campaign,
3024 3304 69 33 will
3117 3304 44 35 be
3178 3304 128 31 shown
3326 3312 35 25 to
3378 3302 63 35 the

2674 3362 142 31 Brown
2844 3357 260 44 community
3134 3365 90 27 nest
3257 3357 184 43 Monday

2672 3416 79 36 and
2808 3414 6 44 I
2836 3416 151 43 uesday
3033 3424 36 25 at
3118 3425 107 22 noon
3274 3414 36 31 in
3361 3414 79 31 List

2674 3469 287 36 Auditorium.
3009 3469 239 35 Admission
3279 3477 38 25 to
3342 3469 99 33 both

2674 3528 96 31 show
2781 3526 80 44 ings
2879 3528 28 31 is
2924 3528 88 31 tree.

2802 3581 205 43 Emerging
3022 3581 296 35 adminstrators

2729 3628 76 33 Ihe
2874 3627 222 36 American
3169 3627 175 35 Council
3409 3639 47 20 on

2694 3685 213 33 Education
2945 3685 72 33 and
3058 3682 161 43 Chanj>e
3249 3693 208 31 magazine.

3491 521 47 24 an
3570 506 205 38 education
3806 506 161 44 journal,
3998 504 91 35 have
4117 504 135 33 named

3494 564 194 35 President
3707 564 159 35 Howard
3887 562 164 33 Swearer
4066 559 72 36 and
4156 559 96 35 dean

3491 620 44 35 of
3557 620 65 35 the
3655 619 145 44 college
3828 617 142 35 Walter
3995 616 151 44 Massey
4173 620 38 28 to
4238 625 14 24 a

3494 677 66 35 list
3592 677 47 33 of
3666 676 69 35 the
3770 674 71 35 100
4039 669 213 47 respected

3491 729 217 46 emerging
3778 729 161 35 leaders
4006 728 39 33 in
4113 726 139 46 higher

3493 786 294 35 education.
3803 784 6 36 -
3825 784 6 36 '

3535 843 68 33 Ihe
3631 843 65 33 100
3715 852 94 24 were
3825 841 139 35 chosen
3987 841 96 33 from
4104 852 17 22 a
4142 850 102 35 groiq:

3496 898 43 33 of
3573 896 110 38 2,000
3720 898 203 33 educators
3957 894 220 35 nominated
4217 894 27 44 bj

3499 953 135 46 people
3676 954 211 31 connected
3931 951 85 33 with
4058 951 186 33 educatior

3499 1008 400 36 administration,
3970 1006 129 43 journ
4112 1017 19 25 a
4143 1006 6 43 1
4162 1006 8 35 i
4180 1017 16 24 s
4206 1016 35 25 m

3498 1069 246 39 government
3761 1063 77 35 and
3857 1063 279 44 philanthropy.

3524 1121 55 33 All
3605 1120 41 35 of
3661 1120 109 36 those
3789 1120 140 35 chosen
3951 1121 91 31 werd
4063 1120 120 33 under
4202 1118 43 35 tin

3499 1187 68 33 age
3581 1175 44 35 of
3635 1175 60 35 4b.

3526 1233 131 31 Brown
3679 1243 76 24 was
3773 1243 74 22 one
3866 1230 43 35 of
3926 1230 87 35 four
4030 1228 214 36 institution!

3499 1287 271 44 represented
3813 1287 49 43 by
3901 1296 113 25 more
4049 1287 101 35 than
4187 1294 57 25 one

3498 1342 217 36 candidate.
3778 1342 79 35 The
3888 1342 129 35 others
4046 1351 93 24 were
4172 1342 72 33 Har

3498 1398 117 36 vard.
3672 1394 216 47 Michigan
3924 1398 128 35 State,
4085 1397 80 35 and
4197 1397 47 35 tin

3501 1452 211 46 University
3726 1454 44 35 of
3783 1452 283 46 Pennsylvania.

3693 1510 172 33 Parents
3882 1509 194 35 Weekend

3534 1565 8 33 1
3557 1565 46 35 he
3622 1565 202 44 university
3839 1565 194 35 estimates
4049 1565 80 33 that
4146 1565 113 33 about

3506 1622 91 33 1000
3627 1627 154 39 parents
3811 1620 69 33 will
3909 1620 79 35 visit
4017 1620 61 35 the
4106 1608 154 57 campus!

3498 1676 140 46 during
3666 1677 167 35 Parents'
3866 1677 205 35 Weekend.
4118 1668 142 60 During]

3499 1732 69 35 the
3602 1739 93 28 next
3729 1731 118 36 three
3876 1732 117 43 days,
4025 1739 170 38 parents
4222 1743 38 22 on

3501 1787 191 35 freshmen
3731 1789 74 33 and
3847 1789 309 44 upperclassmen
4192 1787 68 33 will

3501 1843 101 35 have
3628 1843 109 35 their
3759 1843 143 35 choice
3926 1843 47 35 of
3992 1843 47 35 25
4060 1843 200 35 different

3501 1912 217 33 programs
3748 1901 82 35 and
3857 1904 159 31 events,
4047 1894 213 44 including

3718 1956 96 35 Jazz
4041 1965 19 22 a
4096 1957 162 30 concert

3501 2013 191 46 featuring
3718 2009 154 38 Maxine
3899 2008 164 36 Sullivan
4088 2008 74 35 and
4189 2008 69 36 Row

3504 2069 194 44 Eldridge;
3731 2077 47 27 an
3808 2066 249 36 Oktoberlest
4087 2063 87 36 with
4205 2063 54 35 the

3504 2126 132 35 Brown
3661 2123 109 35 Wind
3795 2121 217 36 Ensemble,
4031 2120 227 36 discussions

3502 2181 87 35 with
3631 2180 139 44 faculty
3809 2178 203 36 members,
4049 2175 209 36 counselors

3502 2238 74 35 and
3603 2236 132 36 deans,
3761 2235 72 35 and
3860 2244 128 25 soccer
4013 2233 71 35 and
4109 2230 150 36 football

3502 2306 22 31 g
3537 2304 19 24 a
3570 2304 35 24 m
3620 2304 19 24 e
3652 2304 36 33 s.

142 169 113 36 2

153 3364 587 157 ACUP

225 3542 219 38 Continued
457 3542 101 35 from
572 3542 101 38 Page
688 3543 14 33 1

1564 157 197 36 BROWN
1770 157 164 36 DAILY
1945 156 224 38 HERALD,
2186 156 208 35 FRIDAY.
2414 156 243 36 OCTOBER
2679 153 50 39 13,
2754 153 93 36 1978

1831 2735 764 154 Librarian

1972 2921 220 39 Continued
2206 2921 99 35 from
2321 2921 101 39 Page
2438 2921 13 33 1

3526 2351 569 151 Protest

3617 2534 217 36 Continued
3849 2532 99 36 from
3962 2535 101 39 Page
4080 2539 13 31 1

1054 4691 225 69 uveb-

2438 4699 148 63 ero-

1444 5083 72 60 IV\
1917 5072 79 50 *T

1446 5142 307 58 psyOMtCvOM

1650 5214 93 44 ftb.
1769 5208 268 49 l^l-T-12^

1222 6057 131 504 Brown
1214 5657 132 362 Jazz
1206 5427 165 181 78

1798 5441 146 30 Meehan
1959 5439 200 30 Auditorium

1746 5491 145 35 B:3opm
1917 5487 164 39 Saturday
2106 5485 146 33 October
2271 5487 36 27 14

1693 5539 16 33 S
1724 5539 17 33 5
1757 5539 33 33 00
1802 5539 183 31 admission

1636 5586 16 36 S
1668 5586 16 36 3
1699 5586 33 36 00
1743 5589 72 28 with
1828 5587 134 30 student
1976 5586 35 30 ID

1592 5639 129 30 Tickets
1732 5639 161 30 available
1904 5639 30 27 at
1954 5638 184 30 Nicholson
2150 5636 117 28 House

1546 5691 30 27 71
1595 5690 137 38 George
1743 5688 107 31 Street

1507 5737 107 31 Ticket
1628 5737 206 30 Information
1854 5735 68 31 863
1942 5735 88 30 2474

1465 5787 255 31 Refreshments
1732 5787 55 28 will
1797 5787 46 28 be
1852 5786 161 28 available

1704 5872 68 30 The
1783 5872 106 28 World
1904 5877 17 24 s
1940 5869 156 31 Greatest

1636 5934 121 61 Roy
1775 5932 293 63 Eldridge,
2088 5931 255 61 trumpet

1562 6013 176 52 Urbie
1757 6011 217 60 Green,
1994 6011 320 49 trombone

1498 6093 236 50 Maxine
1753 6091 282 58 Sullivan,
2054 6088 258 52 vocalist

1843 6172 72 30 with
1929 6170 90 31 John
2031 6170 129 30 Bunch,
2175 6173 101 31 piano

1808 6220 102 36 Ma|or
1924 6219 121 36 Holley,
2060 6217 82 30 bass

1754 6269 134 31 Connie
1899 6269 77 38 Kay.
1991 6268 117 30 drums

1709 6318 72 31 Bob
1791 6318 126 30 Wilbur,
1931 6317 205 36 saxophone

1663 6370 69 30 Red
1746 6370 161 30 Balaban,
1920 6373 123 24 emcee

1602 6422 66 28 and
1682 6422 118 30 Brown
1813 6419 213 38 University's

1559 6472 150 36 Ragtime
1721 6469 93 31 Band

1510 6520 153 31 Directed
1676 6520 39 38 by
1729 6520 88 30 John
1830 6518 139 30 Christie

3036 3839 441 76 Production
3518 3835 427 94 Workshop

2817 4072 123 181 2
3005 4068 501 192 ONE
3570 4057 581 192 ACTS

2729 4416 183 71 THIS
2953 4408 647 77 FRISATSUN
3704 4405 216 72 BPM
4046 4405 172 69 FREE

2767 5011 279 61 Dancing,
3072 5013 150 58 Beer,
3247 5013 176 61 Wine,

2764 5087 203 52 Tables
2986 5087 83 50 for
3088 5087 74 52 all

2781 5260 219 33 Admission

2776 5320 87 36 $.50
2879 5321 132 31 Brown
3027 5320 180 33 Students

2778 5383 112 35 $l.OO
2902 5381 47 35 all
2965 5381 129 36 others

4039 5027 121 31 Music
4176 5025 44 41 by

3772 5091 60 35 the
3847 5102 120 30 merry
3981 5091 189 33 minstrels
4184 5090 36 35 of

3546 5156 118 49 The
3687 5157 198 47 Brown
3906 5153 321 63 University

3753 5241 162 50 Wind
3934 5238 293 52 Ensemble

3761 5317 90 41 lohn
3863 5315 176 43 Christie,
4058 5318 169 31 Director

4159 5372 72 69 &)

3693 5469 117 50 The
3831 5468 397 52 Chattertocks

3748 5550 47 35 all
3811 5548 132 35 female
3957 5550 146 39 singing
4113 5557 113 31 group

3894 5611 164 33 Brown's
4071 5609 153 43 original

3803 5751 277 52 Alumnae
4101 5753 128 49 Hall

3669 5835 205 63 Friday,
3899 5833 243 50 October
4167 5836 61 46 13

3969 5915 280 60 9:30p.m.

2902 6019 52 36 55

3836 6365 55 54 /a
