4393 6800
354 231 872 191 Reforming
1320 235 386 157 UCS

249 474 165 46 After
457 474 231 47 months
728 474 61 47 of
822 474 225 61 fouling
1088 488 72 47 up
1202 474 154 63 right
1395 477 112 46 and
1550 476 126 57 left,
1718 477 94 46 the

219 545 436 60 Undergraduate
691 543 217 49 Council
948 545 60 47 of
1036 545 250 49 Students
1447 548 181 61 finally
1658 564 153 33 come

216 631 74 47 up
321 617 170 47 witha
523 619 145 61 good
706 619 134 61 plan
872 625 57 41 to
961 619 143 61 keep
1139 619 69 49 its
1243 619 417 63 inadequacies
1693 628 57 43 to
1781 638 30 33 a

216 688 276 49 minimum
518 688 50 47 in
594 688 87 49 the
707 688 187 49 future.
942 690 110 49 The
1074 698 173 43 recent
1271 693 246 61 proposal
1540 694 271 63 requiring

216 762 128 49 UCS
373 764 261 47 members
665 769 54 43 to
745 765 139 46 work
913 780 30 31 a
969 764 211 63 specific
1208 767 224 46 number
1455 767 60 46 of
1534 767 159 49 hours
1720 783 93 43 per

203 836 140 44 week
380 836 102 47 and
520 843 176 55 report
726 839 191 60 weekly
948 841 164 47 about
1143 843 135 47 their
1310 846 252 49 activities
1594 863 58 31 or
1683 847 115 50 face

214 910 428 55 impeachment
702 909 206 49 should
970 910 169 47 make
1197 910 90 47 for
1340 926 28 31 a
1425 912 170 47 much
1652 926 159 33 more

205 976 335 60 productive
584 978 110 49 and
742 978 266 49 effective
1046 981 238 47 student
1323 987 378 55 government
1740 989 58 43 at

214 1052 198 46 Brown.

246 1120 233 47 Another
513 1121 167 46 sound
720 1120 302 61 suggestion
1057 1121 167 46 which
1258 1121 189 47 should
1483 1123 156 46 make
1674 1123 129 47 UCS

213 1192 282 47 members
539 1192 167 46 think
748 1192 161 47 twice
953 1192 198 49 before
1194 1192 150 49 their
1387 1192 191 50 duties
1624 1194 44 49 is
1712 1194 94 50 the

213 1265 288 60 proposal’s
531 1265 483 49 recommendation
1047 1266 80 47 for
1153 1266 87 49 the
1268 1266 406 49 establishment
1699 1268 60 47 of
1778 1282 28 33 a

213 1335 194 49 review
460 1337 170 61 panel
682 1342 57 43 to
789 1351 225 33 oversee
1065 1337 244 47 Council
1357 1339 287 47 activities
1693 1340 112 47 and

213 1411 331 46 recommend
576 1409 85 47 the
691 1409 260 49 dismissal
981 1411 58 46 of
1061 1411 361 61 incompetent
1452 1425 57 33 or
1535 1411 269 61 apathetic

213 1482 277 47 members.
539 1482 135 47 Such
701 1498 28 33 a
756 1482 153 61 panel
931 1482 101 49 will
1054 1482 118 61 only
1191 1483 65 47 be
1274 1482 257 55 effective,
1553 1483 254 57 however,

213 1554 44 47 if
285 1554 39 47 it
361 1554 44 47 is
441 1556 249 46 manned
728 1556 69 58 by
831 1554 433 49 conscientious
1298 1556 140 47 UCS
1471 1557 307 46 members.

213 1627 384 54 Furthermore,
622 1643 71 30 we
720 1627 211 47 caution
957 1628 131 47 UCS
1113 1628 435 60 representatives
1572 1635 55 43 to
1649 1630 157 47 make

213 1713 113 35 sure
361 1698 102 49 this
499 1699 296 61 overseeing
830 1701 140 60 body
1003 1701 126 49 does
1167 1706 90 44 not
1293 1701 164 49 abuse
1490 1699 65 50 its
1586 1715 191 47 power.

213 1772 268 47 Members
513 1772 58 47 of
595 1772 85 47 the
715 1772 178 47 review
926 1772 302 49 committee
1261 1773 186 47 should
1480 1773 121 47 take
1633 1775 172 46 action

211 1844 117 60 only
365 1844 205 61 against
605 1846 88 46 the
729 1846 376 60 incompetent,
1143 1846 102 47 and
1285 1852 93 41 not
1413 1846 208 60 against
1654 1846 151 49 those

211 1917 170 47 whose
403 1915 228 63 political
654 1917 290 52 beliefs,are
962 1915 250 52 different
1230 1917 139 49 from
1391 1917 178 49 theirs.

244 1992 91 46 We
365 2005 126 47 urge
512 1992 87 44 the
628 1991 126 47 UCS
780 1995 54 43 to
858 2005 230 47 approve
1110 1992 104 46 this
1239 1997 76 43 set
1340 1992 60 46 of
1414 1991 225 50 reforms
1665 2000 54 39 at
1742 2002 65 39 its

209 2061 225 61 meeting
474 2076 63 31 on
580 2061 255 60 Monday;
874 2061 134 47 swift
1046 2061 173 47 action
1257 2061 41 49 is
1335 2077 271 47 necessary
1641 2063 46 47 if
1718 2065 85 47 the

208 2134 217 49 Council
465 2134 38 49 is
535 2140 54 41 to
620 2140 83 55 get
735 2134 134 47 back
902 2150 68 31 on
1005 2134 87 49 the
1124 2137 123 46 road
1283 2140 54 43 to
1369 2137 406 60 respectability.

208 2205 217 49 Council
471 2205 261 49 members
775 2205 187 49 should
1011 2206 202 54 realize,
1258 2206 250 55 however,
1556 2208 115 47 that
1717 2209 87 47 the

208 2279 359 47 ratification
605 2279 63 47 of
698 2279 93 47 the
827 2280 274 60 proposal
1137 2279 44 47 is
1213 2279 123 61 just
1369 2280 96 47 the
1501 2280 153 55 first,
1691 2282 110 47 and

208 2350 252 63 probably
502 2350 87 47 the
630 2350 202 52 easiest,
874 2356 113 55 step
1027 2350 117 61 they
1184 2350 98 47 will
1326 2351 129 49 have
1494 2357 54 43 to
1587 2354 121 47 take
1751 2353 49 47 in

208 2424 293 61 improving
524 2424 85 47 the
639 2425 146 46 UCS.
828 2424 135 60 Only
984 2424 46 47 if
1041 2425 128 46 each
1192 2427 406 60 representative
1620 2427 184 47 makes

208 2512 30 33 a
279 2494 117 47 firm
441 2494 369 47 commitment
852 2499 54 43 to
945 2494 250 63 fulfilling
1241 2496 77 49 his
1361 2498 173 47 duties
1575 2498 99 47 will
1717 2498 85 49 the

208 2584 243 46 program
476 2569 60 47 of
548 2569 219 47 reforms
789 2567 154 49 make
964 2584 99 46 any
1083 2569 304 49 difference.

1935 252 820 192 Letters
2798 268 230 181 to
3071 257 378 192 the
3502 257 658 192 Editor

1893 452 406 82 Chairmen

1890 550 55 36 To
1961 551 65 35 the
2041 551 146 36 Editor:

1942 611 11 33 I
2002 611 135 35 would
2187 609 85 36 like
2320 614 41 31 to
2413 611 121 35 make
2581 620 79 25 one

1888 665 211 36 correction
2126 666 44 35 of
2192 665 76 36 fact
2296 665 38 35 in
2356 666 65 35 the
2446 666 170 35 October
2639 665 20 35 3

1888 723 148 35 Herald
2065 721 131 36 article
2225 732 49 25 on
2306 732 80 25 new
2413 723 247 44 department

1888 776 197 36 chairmen
2102 783 38 30 at
2159 778 148 38 Brown,
2323 778 76 33 and
2417 776 13 35 I
2446 776 124 35 would
2587 776 72 35 like

1888 836 41 33 to
1956 839 167 28 corrent
2148 833 71 35 the
2246 831 254 47 impression
2526 833 91 35 that
2647 833 11 33 1

1888 888 187 46 evidently
2093 888 68 35 left
2178 888 88 35 with
2283 888 65 35 the
2365 888 150 35 Herald
2531 888 98 35 after
2646 888 13 35 I

1888 956 82 24 was
2003 945 128 35 asked
2164 945 131 35 about
2321 945 69 35 the
2422 956 169 33 process
2620 945 39 33 of

1890 1000 180 44 selecting
2087 1011 79 25 new
2181 1000 211 36 chairmen.

1942 1057 194 35 Professor
2153 1057 225 35 Chudacoff
2387 1057 28 35 is
2433 1060 66 31 not
2513 1068 49 24 an
2578 1060 61 31 out-

1888 1112 124 46 going
2068 1112 222 36 chairman
2340 1112 47 36 of
2435 1112 224 36 American

1890 1167 287 36 Civilization.
2238 1167 58 35 He
2354 1167 183 36 remains
2595 1178 63 24 co-

1887 1222 222 36 chairman
2134 1222 46 36 of
2197 1222 93 35 that
2449 1228 208 35 program.

1891 1280 28 35 It
1942 1279 28 35 is
1995 1277 120 36 David
2139 1276 137 36 Hirsch
2294 1276 83 35 who
2395 1274 261 47 relinquished

1890 1334 58 36 his
1989 1331 356 46 co-chairmanship
2387 1331 43 36 of
2465 1331 192 36 american

1883 1391 228 38 civilization
2131 1394 39 31 to
2184 1400 153 25 assume
2353 1391 58 36 his
2425 1402 82 25 new
2523 1392 79 35 role
2616 1402 41 27 as

2729 498 202 35 chairman
2970 499 43 35 of
3044 501 65 36 the
3146 502 154 46 English
3339 506 137 46 Depart-

2729 561 117 28 ment.

2781 611 9 31 1
2822 611 52 35 do
2902 619 65 27 not
2998 613 142 36 believe
3169 614 83 36 that
3283 617 11 33 I
3326 619 79 35 told
3436 619 61 35 the

2726 665 148 36 Herald
2896 668 82 36 that
3126 671 175 44 problem
3326 672 87 38 with
3436 676 61 35 the

2726 723 180 35 selection
2929 731 137 36 system
3091 724 27 36 is
3142 726 80 36 that
3244 728 68 35 few
3334 740 146 27 women

2726 787 41 24 or
2802 778 211 38 minorities
3047 792 65 25 are
3146 784 142 35 chosen
3324 791 38 28 to
3397 786 99 36 head

2724 833 99 35 their
3183 839 13 33 1
3220 839 80 36 said
3326 841 83 36 that
3433 844 65 35 the

2726 896 134 27 reason
2876 888 85 36 that
2978 890 104 38 there
3098 906 96 24 were
3208 894 69 36 few
3291 906 148 25 women
3457 907 41 25 or

2726 945 178 46 minority
2937 948 198 36 chairmen
3169 962 74 24 was
3274 953 85 35 that
3391 954 106 35 there

2723 1011 94 25 were
2854 1002 110 36 tewer
2998 1016 146 24 women
3181 1017 41 24 or
3283 1008 211 36 minorities

2723 1057 101 33 than
2857 1057 121 38 white
3008 1060 129 36 males
3167 1072 52 25 on
3239 1063 79 35 the
3348 1063 143 36 Brown

2723 1110 154 47 faculty,
2912 1113 249 47 particularly
3203 1123 38 30 at
3272 1120 65 35 the
3369 1121 123 35 senior

2723 1167 102 35 level.
2855 1169 80 36 The
2961 1170 183 36 selection
3170 1178 139 39 system
3332 1175 58 36 for
3413 1186 79 25 new

2720 1224 216 36 chairmen
2987 1228 205 44 certainly
3239 1236 157 31 cannot
3443 1233 49 35 be

2721 1279 154 36 blamed
2893 1280 58 35 for
2965 1280 88 38 this.

2772 1334 54 36 As
2868 1335 66 36 for
2972 1339 71 35 the
3083 1340 195 44 question
3321 1342 47 35 of
3403 1343 88 35 how

2994 1392 25 36 it
3039 1392 27 36 is
3085 1400 39 30 to
3142 1395 46 35 be
3208 1408 20 24 a
3244 1397 247 39 department

3575 501 235 39 chairman,
3847 502 88 36 that
3969 506 121 35 could
4126 506 47 35 be
4206 506 134 36 better

3575 557 213 35 answered
3820 557 46 39 by
3899 557 68 36 the
3995 559 49 35 50
4071 559 159 38 faculty
4255 562 85 35 who

3573 613 118 33 chair
3737 614 294 46 departments
4080 619 79 33 and
4205 617 129 36 direct

3575 679 198 35 programs
3792 671 76 35 and
3887 677 148 28 centers
4054 680 35 25 at
4110 672 146 35 Brown.
4277 674 57 44 My

3573 724 172 35 remarks
3765 735 47 24 on
3836 724 72 36 this
3928 726 146 44 subject
4093 740 93 24 were
4205 729 129 46 simply

3573 776 202 39 intended
3825 786 41 30 to
3915 789 169 39 suggest
4132 784 90 35 that
4272 784 61 36 the

3572 836 318 44 responsibility
3961 838 46 35 of
4069 839 265 46 department

3570 890 293 49 chairmanship
3898 891 30 36 is
3961 899 65 30 not
4057 906 46 24 an
4135 906 87 35 easy
4254 907 80 25 one.

3573 946 118 44 Many
3729 948 154 44 faculty,
3920 950 181 38 however,
4137 951 140 35 handle
4312 953 22 35 it

3570 1002 227 39 extremely
3835 1005 104 36 well,
3978 1005 131 35 which
4145 1013 110 28 must
4291 1009 43 31 be

3570 1057 128 46 amply
3726 1058 150 36 evident
3904 1060 98 36 from
4030 1061 63 36 the
4120 1061 216 46 impressive

3570 1113 217 36 academic
3836 1115 293 47 development
4180 1118 46 35 of
4271 1120 65 35 the

3573 1167 211 47 University
3800 1170 39 33 in
3850 1172 65 35 the
3932 1172 69 36 last
4017 1173 68 35 few
4101 1184 117 35 years.

4065 1228 87 36 Eric
4167 1228 169 38 Widmer

3827 1276 271 39 Executive
4135 1279 197 36 Officer

3567 1334 172 46 Faculty
3780 1337 87 35 and
3906 1337 228 36 Academic
4173 1335 161 35 Affairs

1891 1474 909 161 Residences
2846 1480 557 159 choose
3446 1480 735 156 members

1885 1696 288 202 for
2208 1746 339 109 new
2592 1698 477 157 house
3109 1701 480 157 board
3595 1751 696 150 program

2047 1926 54 44 By
2115 1924 90 36 KIT
2222 1923 274 38 PANCOAST

1909 1983 175 46 Housing
2106 1981 101 36 units
2228 1992 129 25 across
2378 1992 164 35 campus
2561 1980 96 36 have

1883 2038 126 46 begun
2057 2036 227 46 organizing
2328 2036 329 46 self-governance

2277 2093 124 35 under
2436 2091 65 36 the
2539 2091 120 46 newly

1883 2150 235 35 established
2176 2150 228 35 Grassroots
2463 2157 194 35 program,

1883 2205 208 46 according
2120 2209 39 31 to
2187 2203 187 36 associate
2402 2205 99 35 dean
2528 2203 46 35 of
2594 2203 65 36 the

1883 2263 143 43 college
2057 2260 58 36 for
2143 2261 157 35 student
2328 2260 134 35 affairs
2487 2260 173 35 Thomas

1887 2317 165 36 Bechtel.

1910 2375 113 35 Thus
2060 2373 80 38 far,
2176 2378 68 30 ten
2277 2372 288 39 dormitories,
2598 2372 61 36 six

1883 2428 266 36 fraternities
2178 2428 79 35 and
2287 2428 69 35 the
2383 2428 135 35 entire
2546 2428 113 35 West

1887 2487 115 39 Quad
2027 2487 94 35 have
2145 2483 211 38 submitted
2381 2483 77 36 lists
2480 2483 44 35 of
2540 2483 120 36 house

1885 2542 120 35 board
2024 2542 206 36 members,
2247 2540 46 35 he
2309 2540 94 35 said.

1923 2598 71 35 The
2011 2608 194 36 program,
2225 2597 183 35 intended
2427 2602 38 30 to
2483 2602 176 39 promote

1887 2665 19 24 a
1934 2665 107 24 sense
2065 2654 44 35 of
2128 2652 224 36 communal
2376 2650 285 47 responsibility

1888 2710 36 33 in
1959 2707 246 38 dormitories
2239 2709 76 35 and
2353 2707 109 36 other
2496 2707 167 46 housing

1888 2765 129 38 units,
2039 2765 106 35 calls
2169 2764 63 36 for
2255 2764 209 35 residents
2490 2770 39 28 to
2553 2764 107 35 elect

1887 2820 118 36 three
2031 2828 43 27 to
2101 2819 60 36 six
2187 2820 195 35 students
2408 2825 43 28 to
2477 2819 187 35 monitor

1888 2876 169 46 general
2091 2874 302 38 maintenance
2428 2874 231 47 problems,

1888 2932 110 35 assist
2039 2932 35 35 in
2112 2932 68 36 tire
2213 2932 121 39 drills,
2370 2934 120 35 check
2524 2945 137 35 energy

1887 2987 288 46 consumption,
2205 2991 76 33 and
2309 2989 197 36 stimulate
2531 2991 106 35 dorm-

1887 3044 96 35 wide
2027 3044 271 46 participation
2343 3046 36 35 in
2422 3046 239 44 community

1887 3098 205 36 affairs.

1918 3156 47 35 As
1997 3159 83 41 part
2112 3154 43 35 of
2178 3154 66 35 the
2271 3153 157 47 project,
2457 3153 91 36 each
2578 3164 63 35 par-

1890 3211 202 44 ticipating
2109 3211 165 44 housing
2291 3209 83 36 unit
2394 3209 28 36 is
2436 3209 153 44 eligible
2605 3209 58 35 for

1890 3279 43 22 as
1978 3266 124 35 much
2153 3277 43 24 as
2283 3265 106 35 $4OO
2435 3276 72 35 per
2551 3276 112 33 year,

1888 3323 244 44 depending
2181 3332 52 25 on
2280 3321 68 36 the
2397 3323 180 33 number
2622 3321 47 35 of

2726 1926 200 38 residents,
2951 1931 39 30 to
3014 1926 46 35 be
3087 1926 91 35 used
3205 1924 57 35 for
3283 1924 117 35 social
3424 1924 76 35 and

2726 1981 431 46 community-oriented
3178 1980 209 36 acitivities.
3419 1980 82 36 The

2726 2044 181 39 payment
2940 2036 72 35 will
3043 2036 47 35 be
3120 2036 115 35 made
3263 2036 38 35 in
3329 2036 88 35 four
3447 2036 35 35 in-

2726 2094 258 38 stallments,
3031 2093 71 36 the
3153 2091 94 36 first
3296 2091 47 36 of
3381 2091 120 36 these

2726 2150 181 44 ocurring
2940 2150 107 35 when
3082 2159 19 25 a
3134 2148 58 36 list
3222 2148 43 35 of
3290 2148 63 36 the
3381 2148 120 36 house

2728 2205 120 35 board
2871 2205 194 35 members
3085 2205 69 35 has
3173 2203 96 35 been
3288 2203 211 36 submitted

2728 2268 39 28 to
2783 2261 65 35 the
2861 2261 227 35 Grassroots
3104 2260 164 46 steering
3285 2260 132 35 board.

2926 2323 156 47 Weekly
3098 2323 186 36 checklist

2731 2383 110 36 With
2890 2381 69 36 the
3005 2381 94 36 first
3146 2384 214 43 payment,
3408 2391 71 35 par-

2728 2438 227 46 ticipating
2992 2438 143 35 dorms
3170 2436 80 35 will
3287 2436 159 35 receive
3480 2447 20 24 a

2728 2493 186 38 checklist
2935 2493 43 36 of
3000 2493 41 35 12
3063 2504 109 25 areas
3192 2491 121 36 which
3335 2498 102 30 must
3457 2491 46 36 be

2728 2551 181 44 surveyed
2935 2551 76 33 and
3033 2550 178 46 reported
3233 2561 49 24 on
3304 2550 139 44 weekly
3461 2554 39 30 to

2728 2608 65 35 the
2809 2606 165 46 housing
2987 2605 128 36 office.

2756 2661 353 36 Administrative
3183 2661 137 36 intern
3395 2660 106 36 Tani

2732 2718 228 36 Hofferman
2986 2718 72 38 '7B,
3079 2718 83 33 who
3186 2717 27 36 is
3233 2717 272 46 coordinating

2728 2775 65 36 the
2831 2775 230 35 Grassroots
3096 2775 128 36 effort,
3265 2775 113 35 noted
3416 2775 87 35 that

2854 2841 180 35 program
3068 2830 137 35 should
3239 2828 98 35 form
3372 2841 20 22 a
3422 2828 80 35 link

2729 2887 187 36 between
2954 2887 69 36 the
3063 2885 180 46 housing
3280 2883 109 38 staff
3419 2885 82 36 arid

3569 1935 209 44 dormitory

3595 1991 252 38 Dormitories
3866 1992 80 36 that
3967 1994 137 35 choose
4126 2003 61 27 not
4208 2002 38 30 to
4255 1994 80 47 join

3570 2046 68 35 the
3669 2047 252 38 Grassroots
3954 2061 192 35 program
4178 2052 79 35 will
4291 2054 44 35 be

3569 2102 175 46 assigned
3773 2115 20 25 a
3822 2106 172 35 member
4019 2106 46 35 of
4083 2106 63 36 the
4175 2107 161 47 housing

3569 2157 96 36 staff
3674 2161 79 33 and
3769 2159 71 35 will
3857 2161 140 36 receive
4013 2173 49 22 no
4077 2173 146 35 money.

3595 2214 370 46 Representatives
4065 2217 106 36 from
4268 2219 68 36 the

3567 2271 228 36 Grassroots
3822 2272 165 46 steering
4013 2274 132 38 board,
4172 2274 164 38 resident

3567 2328 220 36 counselors
3822 2331 72 33 and
3929 2340 20 24 a
3978 2329 180 46 chaplain
4189 2332 69 35 will
4291 2332 44 35 be

3567 2384 263 44 encouraging
3861 2384 165 47 housing
4057 2384 102 38 units
4191 2394 38 28 to
4263 2386 71 44 join

3567 2438 69 35 the
3663 2450 195 35 program
3890 2443 77 33 and
3995 2449 63 28 act
4083 2454 43 25 as
4151 2450 184 30 mentors

3567 2494 238 46 throughout
3838 2496 63 36 the
3932 2507 99 33 year,
4065 2498 206 47 according
4301 2506 35 28 to

3570 2550 165 36 Bechtel.

3595 2606 153 36 Bechtel
3786 2611 208 35 countered
4033 2611 65 35 the
4135 2619 194 38 argument

3567 2663 80 35 that
3679 2663 164 47 offering
3872 2672 131 38 grants
4033 2674 38 27 to
4099 2668 131 35 dorms
4260 2668 28 35 is
4315 2680 14 22 a

3567 2718 98 36 form
3693 2720 43 35 of
3759 2720 150 46 bribery
3935 2721 47 46 by
4006 2721 145 46 saying,
4244 2723 85 36 have

3565 2775 121 35 called
3709 2775 104 36 them
3838 2775 197 38 ‘incentive
4055 2778 186 46 grants.'"
4282 2780 47 35 He

3567 2830 142 38 added,
3728 2830 181 39 however,
3929 2833 79 35 that
4159 2846 63 24 are
4243 2847 19 22 a
4283 2836 46 35 bit

3565 2885 43 35 of

228 131 135 39 4

301 2797 1400 203 Browril^ilyHerald

687 3068 206 41 FRIDAY,
909 3071 244 39 OCTOBER
1175 3076 55 39 13,
1249 3079 94 36 1978

491 3117 239 35 Cassandrea
748 3118 159 39 Burrell,
921 3118 98 36 Toni
1036 3121 225 46 Mashberg,
1277 3123 110 36 News
1397 3124 159 38 Editors

598 3169 110 35 Chris
726 3169 137 39 Golde,
879 3170 104 36 Coco
998 3172 135 39 Fusco,
1148 3175 118 44 Night
1282 3175 154 38 Editors

657 3214 93 39 Fred
769 3220 151 46 Rickey,
935 3222 110 36 Issue
1057 3224 296 47 Photographer

290 3367 132 25 Published
441 3369 112 30 Monday
570 3370 109 28 through
698 3370 87 31 Friday
798 3372 93 30 during
909 3373 43 22 the
965 3373 132 24 academic
1112 3381 58 22 year
1184 3375 137 30 excluding
1335 3375 117 27 vacation
1468 3376 101 31 periods
1580 3383 90 27 except
1683 3378 66 24 three

288 3406 71 22 limes
380 3413 13 16 a
414 3406 66 22 week
501 3406 94 30 during
617 3408 102 28 reading
743 3409 109 28 periods,
871 3417 72 16 exam
965 3411 109 30 periods,
1094 3413 49 24 and
1167 3411 129 25 freshman
1317 3414 77 24 week,
1413 3416 50 22 and
1483 3422 63 17 once
1564 3416 94 31 during
1676 3417 57 24 Com-

285 3450 156 19 mencement
457 3446 47 24 and
518 3446 43 24 the
572 3454 113 17 summer
698 3447 28 30 by
740 3447 41 24 the
795 3449 88 22 Brown
898 3449 72 31 Daily
983 3450 102 25 Herald,
1101 3452 60 24 Inc..
1175 3452 91 24 Koberl
1282 3446 5 35 l
1301 3452 52 25 inn.
1365 3454 139 27 President;
1518 3454 77 25 David
1611 3454 139 27 Hochslim.

291 3483 5 39 I
307 3488 123 19 reasurer;
444 3483 106 24 Andrew
561 3485 148 25 Classman,
721 3485 60 25 Vice
794 3487 139 27 President;
945 3487 61 25 Lino
1017 3488 128 31 Lipinsky.
1156 3490 137 31 Secretary.
1313 3491 112 24 Address
1435 3494 220 28 correspondence
1665 3499 25 19 to
1701 3494 49 24 Box

287 3523 30 22 K.
335 3523 85 22 Brown
439 3523 148 30 University.
605 3524 162 25 Providence.
784 3526 49 24 K.l.
849 3526 90 24 02412.
970 3528 98 24 Offices
1083 3529 98 24 located
1198 3534 24 20 at
1244 3529 44 24 145
1304 3531 88 30 Angell
1408 3532 90 25 Street.
1513 3532 161 25 Providence.
1690 3532 49 25 R.l.

285 3562 9 20 (
309 3567 90 24 ampus
409 3561 180 30 subscription.
603 3562 25 22 SI
661 3569 44 24 per
717 3570 65 22 year.
805 3564 61 24 Mail
879 3565 172 30 subscription
1065 3565 47 25 525
1124 3575 44 22 per
1178 3575 66 24 year.
1266 3567 148 33 Telephone
1422 3561 211 39 <401)8h3-32b1.
1652 3572 98 24 Second

285 3600 65 22 class
361 3606 102 24 postage
474 3602 57 28 paid
543 3606 22 19 at
580 3602 159 27 Providence.
753 3603 49 25 K.l.

1641 135 197 38 BROWN
1847 137 164 36 DAILY
2022 135 224 39 HERALD,
2265 140 206 36 FRIDAY,
2491 142 244 38 OCTOBER
2757 145 50 35 13.
2833 146 91 33 1978

461 3831 246 121 How
731 3839 331 115 would
1094 3839 455 121 Einstein

346 3978 454 121 theorize
830 3987 323 117 about
1180 3987 501 124 O’Keefe?

332 4161 191 47 Although
537 4162 63 36 the
616 4162 165 38 O'Keefe
794 4165 161 36 formula
973 4170 27 31 is
1009 4173 139 33 secret,
1167 4172 142 33 certain
1323 4170 142 36 factors
1482 4175 33 31 in
1529 4173 63 35 the

332 4214 180 43 equation
526 4225 61 24 are
602 4214 76 35 well
694 4216 146 35 known:

342 4261 28 49 1.
384 4261 164 39 O'Keefe
565 4266 69 35 has
649 4276 20 25 a
685 4266 137 44 hearty,
838 4266 216 38 full-bodied
1071 4268 118 38 flavor.

335 4312 33 36 2.
386 4312 22 36 It
425 4317 28 31 is
468 4315 156 35 smooth
641 4317 74 35 arid
729 4326 93 35 easy
836 4320 117 43 going
967 4318 124 36 down.

332 4362 36 36 3.
386 4364 44 35 Its
446 4364 98 36 head
557 4367 238 36 commands
813 4373 159 41 respect.

332 4413 79 36 Our
420 4414 132 46 theory
569 4417 30 33 is
611 4416 79 35 that
706 4416 164 38 Einstein
885 4420 121 35 would
1025 4420 94 36 have
1132 4422 230 36 concluded:
1381 4424 57 35 It's
1452 4428 65 30 too
1529 4425 113 46 good
1658 4430 36 30 to

331 4465 110 44 gulp.
460 4465 191 46 Relatively
666 4468 197 46 speaking,
880 4469 41 35 of
935 4480 148 25 course.

1080 5361 60 76 &

246 5904 46 49 IS

1126 5912 405 115 O’Keefe

1041 6031 373 115 Golden
1435 6035 184 109 Ale

1039 6161 83 52 It’s
1139 6145 96 94 tooj
1246 6162 142 60 good
1403 6167 57 46 to
1476 6164 140 61 gulp.

1191 6244 43 52 /
1277 6260 20 27 x

378 6515 172 44 Imported
561 6517 90 33 from
661 6515 146 36 Canada
820 6518 44 41 by
877 6517 150 43 Century
1038 6518 192 41 Importers,
1246 6518 80 36 Inc.,
1339 6520 80 33 New
1433 6520 90 38 York,
1537 6520 54 33 NY

2825 2995 317 63 Seward’s
3175 2994 198 74 Folly,
3406 2994 219 61 Books
3660 3030 17 9 -
3712 2994 121 63 139
3869 2995 219 61 Brook
4121 2995 93 63 St.

2846 3085 128 35 Books
2992 3083 58 35 for
3071 3083 154 35 readers
3244 3083 74 35 and
3339 3083 121 35 books
3479 3082 58 36 for
3554 3083 209 35 collectors.
3786 3082 165 46 In-print
3970 3082 121 35 books
4110 3083 74 33 and

2846 3140 243 46 paperbacks
3124 3137 216 47 half-price.
3378 3139 91 44 Buy,
3509 3139 142 35 browse
3691 3148 44 24 or
3765 3137 109 36 settle
3906 3137 110 35 down
4050 3135 35 35 in
4118 3146 71 24 our

2846 3197 134 35 rocker
2994 3197 76 33 and
3087 3197 104 33 read.

2841 3250 315 65 Wed-Sun
3192 3249 143 61 12-8
3370 3249 159 76 PM,
3562 3249 110 63 Sat
3707 3250 101 60 9-8

4299 3080 31 176 i

3901 3252 315 63 272-4454
4301 3250 30 80 j

2616 3521 1019 246 RALLY

1976 3820 512 202 FOR
2573 3820 1643 202 DIVESTITURE

1940 4118 580 123 FRIDAY
2589 4118 411 123 12:30
3063 4113 230 128 ON
3362 4118 310 123 THE
3735 4113 532 128 GREEN

2093 4420 57 71 If
2183 4420 274 72 Brown
2504 4420 425 87 University
2964 4422 213 69 must
3211 4417 159 90 rely
3409 4435 101 55 on
3550 4435 294 72 money
3880 4420 192 71 from

2068 4535 249 76 South
2353 4537 269 83 Africa,
2671 4535 184 74 then
2894 4537 50 71 it
2980 4537 324 74 doesn’t
3340 4539 348 72 deserve
3729 4542 77 69 to
3847 4542 266 71 exist...

2060 4654 375 71 students
2474 4650 291 74 should
2798 4652 107 71 do
2945 4649 455 90 everything
3444 4649 239 72 within
3726 4649 132 74 the
3896 4649 214 74 limits

2050 4764 88 72 of
2167 4762 145 72 law
2350 4765 77 68 to
2463 4764 142 87 get
2643 4761 274 71 Brown
2959 4762 79 69 to
3077 4761 272 71 divest.

3206 5016 402 76 DONALD
3655 5014 364 76 WOODS

2841 5318 403 74 Sponsored
3283 5321 83 72 by

2313 5528 228 99 The
2594 5524 313 102 Third
2964 5524 357 102 World
3380 5524 534 102 Coalition

2983 5724 220 102 and

2499 5920 230 99 The
2783 5915 551 101 Southern
3391 5912 359 101 Africa

2483 6072 581 123 Solidarity
3118 6066 661 102 Committee

2272 6331 249 99 THE
2576 6328 257 104 UCS
2883 6328 680 102 SUPPORTS
3614 6328 346 102 SASC
