<?xml version="1.0" encoding="UTF-8"?>
<alto xmlns:xsi="http://www.w3.org/2001/XMLSchema-instance" xmlns="http://www.loc.gov/standards/alto/ns-v2#" xsi:schemaLocation="http://www.loc.gov/standards/alto/ns-v2# http://www.loc.gov/standards/alto/v2/alto-2-0.xsd" xmlns:xlink="http://www.w3.org/1999/xlink">
	<Description>
		<MeasurementUnit>pixel</MeasurementUnit>
		<sourceImageInformation>
			<fileName>../05_02/BDH_1976_12_05_00006.jp2</fileName>
		</sourceImageInformation>
		<OCRProcessing ID="OCRPROCESSING_1">
			<preProcessingStep>
				<processingSoftware>
					<softwareCreator>CCS Content Conversion Specialists GmbH, Germany</softwareCreator>
					<softwareName>CCS docWorks</softwareName>
					<softwareVersion>7.0-1.4</softwareVersion>
				</processingSoftware>
			</preProcessingStep>
			<ocrProcessingStep>
				<processingSoftware>
					<softwareCreator>ABBYY (BIT Software), Russia</softwareCreator>
					<softwareName>FineReader</softwareName>
					<softwareVersion>11.0</softwareVersion>
				</processingSoftware>
			</ocrProcessingStep>
			<postProcessingStep>
				<processingSoftware>
					<softwareCreator>CCS Content Conversion Specialists GmbH, Germany</softwareCreator>
					<softwareName>CCS docWorks</softwareName>
					<softwareVersion>7.0-1.4</softwareVersion>
					<applicationDescription>docWorks: Text modified manually, or automatically replaced</applicationDescription>
				</processingSoftware>
			</postProcessingStep>
		</OCRProcessing>
	</Description>
	<Styles>
		<TextStyle ID="TXT_0" FONTSIZE="9" FONTFAMILY="Arial"/>
		<TextStyle ID="TXT_1" FONTSIZE="9" FONTFAMILY="Arial" FONTSTYLE="bold"/>
		<TextStyle ID="TXT_2" FONTSIZE="35" FONTFAMILY="Arial"/>
		<TextStyle ID="TXT_3" FONTSIZE="9" FONTFAMILY="Arial" FONTSTYLE="italics"/>
		<TextStyle ID="TXT_4" FONTSIZE="4" FONTFAMILY="Arial"/>
		<TextStyle ID="TXT_5" FONTSIZE="25" FONTFAMILY="Arial"/>
		<TextStyle ID="TXT_6" FONTSIZE="57" FONTFAMILY="Times New Roman"/>
		<TextStyle ID="TXT_7" FONTSIZE="141" FONTFAMILY="Times New Roman"/>
		<TextStyle ID="TXT_8" FONTSIZE="28" FONTFAMILY="Arial" FONTSTYLE="bold"/>
		<TextStyle ID="TXT_9" FONTSIZE="10" FONTFAMILY="Arial" FONTSTYLE="bold italics"/>
		<TextStyle ID="TXT_10" FONTSIZE="18" FONTFAMILY="Arial" FONTSTYLE="bold"/>
		<TextStyle ID="TXT_11" FONTSIZE="16" FONTFAMILY="Arial"/>
		<TextStyle ID="TXT_12" FONTSIZE="8" FONTFAMILY="Arial" FONTSTYLE="bold"/>
		<TextStyle ID="TXT_13" FONTSIZE="51" FONTFAMILY="Courier New" FONTSTYLE="bold"/>
		<TextStyle ID="TXT_14" FONTSIZE="15" FONTFAMILY="Arial" FONTSTYLE="bold"/>
		<TextStyle ID="TXT_15" FONTSIZE="12" FONTFAMILY="Arial" FONTSTYLE="bold"/>
		<TextStyle ID="TXT_16" FONTSIZE="17" FONTFAMILY="Arial" FONTSTYLE="bold"/>
		<TextStyle ID="TXT_17" FONTSIZE="9" FONTFAMILY="Arial"/>
		<TextStyle ID="TXT_18" FONTSIZE="48" FONTFAMILY="Arial" FONTSTYLE="bold"/>
		<TextStyle ID="TXT_19" FONTSIZE="9" FONTFAMILY="Arial" FONTSTYLE="italics"/>
		<TextStyle ID="TXT_20" FONTSIZE="20" FONTFAMILY="Arial" FONTSTYLE="bold"/>
		<TextStyle ID="TXT_21" FONTSIZE="20" FONTFAMILY="Arial" FONTSTYLE="bold underline"/>
		<TextStyle ID="TXT_22" FONTSIZE="6" FONTFAMILY="Arial" FONTSTYLE="italics"/>
		<TextStyle ID="TXT_23" FONTSIZE="11" FONTFAMILY="Arial" FONTSTYLE="bold"/>
		<TextStyle ID="TXT_24" FONTSIZE="7" FONTFAMILY="Arial"/>
		<ParagraphStyle ID="PAR_LEFT" ALIGN="Left"/>
		<ParagraphStyle ID="PAR_BLOCK" ALIGN="Block"/>
		<ParagraphStyle ID="PAR_RIGHT" ALIGN="Right"/>
		<ParagraphStyle ID="PAR_CENTER" ALIGN="Center"/>
	</Styles>
	<Layout>
		<Page ID="P6" PHYSICAL_IMG_NR="6" HEIGHT="6616" WIDTH="4386" PRINTED_IMG_NR="6" PC="0.959">
			<TopMargin ID="P6_TM00001" HPOS="0" VPOS="0" WIDTH="4387" HEIGHT="57"/>
			<LeftMargin ID="P6_LM00001" HPOS="0" VPOS="57" WIDTH="197" HEIGHT="6490"/>
			<RightMargin ID="P6_RM00001" HPOS="4381" VPOS="57" WIDTH="6" HEIGHT="6490"/>
			<BottomMargin ID="P6_BM00001" HPOS="0" VPOS="6546" WIDTH="4387" HEIGHT="69"/>
			<PrintSpace ID="P6_PS00001" HPOS="197" VPOS="57" WIDTH="4184" HEIGHT="6490">
				<TextBlock ID="P6_TB00001" HPOS="1899" VPOS="5557" WIDTH="783" HEIGHT="744" language="en" STYLEREFS="TXT_0 PAR_LEFT">
					<TextLine ID="P6_TL00001" HPOS="1906" VPOS="5557" WIDTH="775" HEIGHT="48">
						<String ID="P6_ST00001" HPOS="1906" VPOS="5557" WIDTH="239" HEIGHT="38" CONTENT="Americans" WC="1.00" CC="000000107"/>
						<SP ID="P6_SP00001" HPOS="2145" VPOS="5595" WIDTH="58"/>
						<String ID="P6_ST00002" HPOS="2203" VPOS="5561" WIDTH="35" HEIGHT="35" CONTENT="in" WC="0.44" CC="73"/>
						<SP ID="P6_SP00002" HPOS="2238" VPOS="5595" WIDTH="58"/>
						<String ID="P6_ST00003" HPOS="2296" VPOS="5559" WIDTH="219" HEIGHT="46" CONTENT="particular" WC="1.00" CC="9002000400"/>
						<SP ID="P6_SP00003" HPOS="2515" VPOS="5605" WIDTH="58"/>
						<String ID="P6_ST00004" HPOS="2573" VPOS="5567" WIDTH="107" HEIGHT="31" CONTENT="must" WC="0.99" CC="0140"/>
					</TextLine>
					<TextLine ID="P6_TL00002" HPOS="1907" VPOS="5611" WIDTH="773" HEIGHT="51">
						<String ID="P6_ST00005" HPOS="1907" VPOS="5611" WIDTH="107" HEIGHT="39" CONTENT="learn" WC="0.99" CC="60200"/>
						<SP ID="P6_SP00004" HPOS="2014" VPOS="5650" WIDTH="31"/>
						<String ID="P6_ST00006" HPOS="2046" VPOS="5625" WIDTH="22" HEIGHT="27" CONTENT="a" WC="1.00" CC="0"/>
						<SP ID="P6_SP00005" HPOS="2068" VPOS="5652" WIDTH="33"/>
						<String ID="P6_ST00007" HPOS="2101" VPOS="5616" WIDTH="208" HEIGHT="46" CONTENT="European" WC="1.00" CC="00300006"/>
						<SP ID="P6_SP00006" HPOS="2309" VPOS="5661" WIDTH="33"/>
						<String ID="P6_ST00008" HPOS="2342" VPOS="5614" WIDTH="178" HEIGHT="41" CONTENT="fatalism" WC="1.00" CC="00260000"/>
						<SP ID="P6_SP00007" HPOS="2520" VPOS="5661" WIDTH="31"/>
						<String ID="P6_ST00009" HPOS="2551" VPOS="5631" WIDTH="46" HEIGHT="25" CONTENT="or" WC="0.81" CC="30"/>
						<SP ID="P6_SP00008" HPOS="2597" VPOS="5661" WIDTH="31"/>
						<String ID="P6_ST00010" HPOS="2628" VPOS="5619" WIDTH="52" HEIGHT="39" CONTENT="be" WC="0.86" CC="20"/>
					</TextLine>
					<TextLine ID="P6_TL00003" HPOS="1906" VPOS="5671" WIDTH="233" HEIGHT="47">
						<String ID="P6_ST00011" HPOS="1906" VPOS="5671" WIDTH="233" HEIGHT="47" CONTENT="destroyed." WC="1.00" CC="0020400000"/>
					</TextLine>
					<TextLine ID="P6_TL00004" HPOS="1959" VPOS="5731" WIDTH="720" HEIGHT="50">
						<String ID="P6_ST00012" HPOS="1959" VPOS="5731" WIDTH="88" HEIGHT="39" CONTENT="This" WC="0.98" CC="0026"/>
						<SP ID="P6_SP00009" HPOS="2047" VPOS="5770" WIDTH="38"/>
						<String ID="P6_ST00013" HPOS="2085" VPOS="5734" WIDTH="28" HEIGHT="36" CONTENT="is" WC="0.84" CC="03"/>
						<SP ID="P6_SP00010" HPOS="2113" VPOS="5770" WIDTH="38"/>
						<String ID="P6_ST00014" HPOS="2151" VPOS="5745" WIDTH="52" HEIGHT="25" CONTENT="no" WC="1.00" CC="00"/>
						<SP ID="P6_SP00011" HPOS="2203" VPOS="5770" WIDTH="36"/>
						<String ID="P6_ST00015" HPOS="2239" VPOS="5732" WIDTH="282" HEIGHT="49" CONTENT="depressingly" WC="0.78" CC="000054636000"/>
						<SP ID="P6_SP00012" HPOS="2521" VPOS="5781" WIDTH="38"/>
						<String ID="P6_ST00016" HPOS="2559" VPOS="5735" WIDTH="120" HEIGHT="39" CONTENT="bitter" WC="1.00" CC="001300"/>
					</TextLine>
					<TextLine ID="P6_TL00005" HPOS="1906" VPOS="5787" WIDTH="772" HEIGHT="54">
						<String ID="P6_ST00017" HPOS="1906" VPOS="5787" WIDTH="123" HEIGHT="46" CONTENT="book," WC="0.99" CC="40000"/>
						<SP ID="P6_SP00013" HPOS="2028" VPOS="5833" WIDTH="27"/>
						<String ID="P6_ST00018" HPOS="2055" VPOS="5787" WIDTH="172" HEIGHT="50" CONTENT="though." WC="1.00" CC="1000000"/>
						<SP ID="P6_SP00014" HPOS="2227" VPOS="5838" WIDTH="33"/>
						<String ID="P6_ST00019" HPOS="2260" VPOS="5792" WIDTH="77" HEIGHT="38" CONTENT="Her" WC="0.96" CC="650"/>
						<SP ID="P6_SP00015" HPOS="2337" VPOS="5838" WIDTH="28"/>
						<String ID="P6_ST00020" HPOS="2365" VPOS="5795" WIDTH="247" HEIGHT="46" CONTENT="resignation" WC="1.00" CC="10500020045"/>
						<SP ID="P6_SP00016" HPOS="2613" VPOS="5841" WIDTH="36"/>
						<String ID="P6_ST00021" HPOS="2649" VPOS="5797" WIDTH="28" HEIGHT="35" CONTENT="is" WC="1.00" CC="00"/>
					</TextLine>
					<TextLine ID="P6_TL00006" HPOS="1904" VPOS="5847" WIDTH="773" HEIGHT="49">
						<String ID="P6_ST00022" HPOS="1904" VPOS="5847" WIDTH="124" HEIGHT="38" CONTENT="made" WC="1.00" CC="0000"/>
						<SP ID="P6_SP00017" HPOS="2028" VPOS="5885" WIDTH="43"/>
						<String ID="P6_ST00023" HPOS="2071" VPOS="5849" WIDTH="208" HEIGHT="46" CONTENT="palatable" WC="1.00" CC="005100010"/>
						<SP ID="P6_SP00018" HPOS="2279" VPOS="5894" WIDTH="44"/>
						<String ID="P6_ST00024" HPOS="2323" VPOS="5849" WIDTH="52" HEIGHT="47" CONTENT="by" WC="1.00" CC="00"/>
						<SP ID="P6_SP00019" HPOS="2375" VPOS="5896" WIDTH="41"/>
						<String ID="P6_ST00025" HPOS="2416" VPOS="5852" WIDTH="69" HEIGHT="38" CONTENT="wit" WC="1.00" CC="000"/>
						<SP ID="P6_SP00020" HPOS="2485" VPOS="5896" WIDTH="43"/>
						<String ID="P6_ST00026" HPOS="2528" VPOS="5852" WIDTH="79" HEIGHT="39" CONTENT="and" WC="0.99" CC="030"/>
						<SP ID="P6_SP00021" HPOS="2606" VPOS="5896" WIDTH="49"/>
						<String ID="P6_ST00027" HPOS="2655" VPOS="5866" WIDTH="22" HEIGHT="25" CONTENT="a" WC="0.60" CC="3"/>
					</TextLine>
					<TextLine ID="P6_TL00007" HPOS="1902" VPOS="5906" WIDTH="774" HEIGHT="49">
						<String ID="P6_ST00028" HPOS="1902" VPOS="5918" WIDTH="121" HEIGHT="27" CONTENT="sense" WC="0.99" CC="30020"/>
						<SP ID="P6_SP00022" HPOS="2024" VPOS="5945" WIDTH="46"/>
						<String ID="P6_ST00029" HPOS="2069" VPOS="5906" WIDTH="44" HEIGHT="39" CONTENT="of" WC="0.93" CC="01"/>
						<SP ID="P6_SP00023" HPOS="2113" VPOS="5945" WIDTH="47"/>
						<String ID="P6_ST00030" HPOS="2161" VPOS="5910" WIDTH="124" HEIGHT="44" CONTENT="irony." WC="1.00" CC="000000"/>
						<SP ID="P6_SP00024" HPOS="2285" VPOS="5954" WIDTH="49"/>
						<String ID="P6_ST00031" HPOS="2334" VPOS="5910" WIDTH="88" HEIGHT="38" CONTENT="Our" WC="0.97" CC="520"/>
						<SP ID="P6_SP00025" HPOS="2422" VPOS="5954" WIDTH="46"/>
						<String ID="P6_ST00032" HPOS="2468" VPOS="5910" WIDTH="126" HEIGHT="39" CONTENT="world" WC="0.99" CC="00520"/>
						<SP ID="P6_SP00026" HPOS="2594" VPOS="5954" WIDTH="52"/>
						<String ID="P6_ST00033" HPOS="2646" VPOS="5913" WIDTH="30" HEIGHT="36" CONTENT="is" WC="1.00" CC="00"/>
					</TextLine>
					<TextLine ID="P6_TL00008" HPOS="1902" VPOS="5964" WIDTH="770" HEIGHT="50">
						<String ID="P6_ST00034" HPOS="1902" VPOS="5964" WIDTH="231" HEIGHT="39" CONTENT="survivable" WC="0.69" CC="4609070020"/>
						<SP ID="P6_SP00027" HPOS="2134" VPOS="6003" WIDTH="39"/>
						<String ID="P6_ST00035" HPOS="2173" VPOS="5965" WIDTH="80" HEIGHT="39" CONTENT="and" WC="0.96" CC="260"/>
						<SP ID="P6_SP00028" HPOS="2254" VPOS="6005" WIDTH="41"/>
						<String ID="P6_ST00036" HPOS="2294" VPOS="5967" WIDTH="233" HEIGHT="47" CONTENT="enjoyable." WC="1.00" CC="0000004500"/>
						<SP ID="P6_SP00029" HPOS="2528" VPOS="6014" WIDTH="46"/>
						<String ID="P6_ST00037" HPOS="2573" VPOS="5970" WIDTH="99" HEIGHT="38" CONTENT="Even" WC="0.99" CC="0500"/>
					</TextLine>
					<TextLine ID="P6_TL00009" HPOS="1904" VPOS="6022" WIDTH="772" HEIGHT="52">
						<String ID="P6_ST00038" HPOS="1904" VPOS="6028" WIDTH="77" HEIGHT="31" CONTENT="rats" WC="0.97" CC="2405"/>
						<SP ID="P6_SP00030" HPOS="1981" VPOS="6060" WIDTH="27"/>
						<String ID="P6_ST00039" HPOS="2008" VPOS="6022" WIDTH="178" HEIGHT="39" CONTENT="become" WC="1.00" CC="002000"/>
						<SP ID="P6_SP00031" HPOS="2186" VPOS="6061" WIDTH="28"/>
						<String ID="P6_ST00040" HPOS="2214" VPOS="6024" WIDTH="151" HEIGHT="41" CONTENT="almost" WC="0.99" CC="120030"/>
						<SP ID="P6_SP00032" HPOS="2365" VPOS="6065" WIDTH="27"/>
						<String ID="P6_ST00041" HPOS="2392" VPOS="6025" WIDTH="214" HEIGHT="49" CONTENT="tolerable," WC="0.99" CC="6020050404"/>
						<SP ID="P6_SP00033" HPOS="2606" VPOS="6074" WIDTH="27"/>
						<String ID="P6_ST00042" HPOS="2633" VPOS="6041" WIDTH="43" HEIGHT="25" CONTENT="as" WC="0.79" CC="30"/>
					</TextLine>
					<TextLine ID="P6_TL00010" HPOS="1904" VPOS="6076" WIDTH="772" HEIGHT="50">
						<String ID="P6_ST00043" HPOS="1904" VPOS="6080" WIDTH="118" HEIGHT="38" CONTENT="when" WC="0.99" CC="0003"/>
						<SP ID="P6_SP00034" HPOS="2022" VPOS="6118" WIDTH="41"/>
						<String ID="P6_ST00044" HPOS="2063" VPOS="6079" WIDTH="74" HEIGHT="39" CONTENT="she" WC="0.99" CC="100"/>
						<SP ID="P6_SP00035" HPOS="2137" VPOS="6118" WIDTH="38"/>
						<String ID="P6_ST00045" HPOS="2175" VPOS="6080" WIDTH="148" HEIGHT="38" CONTENT="writes:" WC="1.00" CC="0500020"/>
						<SP ID="P6_SP00036" HPOS="2323" VPOS="6118" WIDTH="46"/>
						<String ID="P6_ST00046" HPOS="2369" VPOS="6080" WIDTH="55" HEIGHT="36" CONTENT='"A' WC="0.60" CC="80"/>
						<SP ID="P6_SP00037" HPOS="2424" VPOS="6118" WIDTH="44"/>
						<String ID="P6_ST00047" HPOS="2468" VPOS="6076" WIDTH="107" HEIGHT="50" CONTENT="large" WC="0.99" CC="50000"/>
						<SP ID="P6_SP00038" HPOS="2575" VPOS="6126" WIDTH="44"/>
						<String ID="P6_ST00048" HPOS="2619" VPOS="6083" WIDTH="57" HEIGHT="33" CONTENT="rat" WC="1.00" CC="000"/>
					</TextLine>
					<TextLine ID="P6_TL00011" HPOS="1901" VPOS="6140" WIDTH="772" HEIGHT="51">
						<String ID="P6_ST00049" HPOS="1901" VPOS="6140" WIDTH="167" HEIGHT="39" CONTENT="crossed" WC="1.00" CC="0002000"/>
						<SP ID="P6_SP00039" HPOS="2068" VPOS="6180" WIDTH="39"/>
						<String ID="P6_ST00050" HPOS="2107" VPOS="6153" WIDTH="66" HEIGHT="33" CONTENT="my" WC="1.00" CC="00"/>
						<SP ID="P6_SP00040" HPOS="2173" VPOS="6186" WIDTH="38"/>
						<String ID="P6_ST00051" HPOS="2211" VPOS="6142" WIDTH="96" HEIGHT="46" CONTENT="path" WC="0.99" CC="4000"/>
						<SP ID="P6_SP00041" HPOS="2307" VPOS="6187" WIDTH="44"/>
						<String ID="P6_ST00052" HPOS="2351" VPOS="6142" WIDTH="74" HEIGHT="41" CONTENT="last" WC="0.99" CC="0050"/>
						<SP ID="P6_SP00042" HPOS="2425" VPOS="6187" WIDTH="39"/>
						<String ID="P6_ST00053" HPOS="2465" VPOS="6143" WIDTH="115" HEIGHT="47" CONTENT="night" WC="0.99" CC="00800"/>
						<SP ID="P6_SP00043" HPOS="2580" VPOS="6191" WIDTH="39"/>
						<String ID="P6_ST00054" HPOS="2619" VPOS="6157" WIDTH="54" HEIGHT="25" CONTENT="on" WC="1.00" CC="00"/>
					</TextLine>
					<TextLine ID="P6_TL00012" HPOS="1912" VPOS="6203" WIDTH="769" HEIGHT="49">
						<String ID="P6_ST00055" HPOS="1912" VPOS="6203" WIDTH="280" HEIGHT="49" CONTENT="fifty-seventh" WC="1.00" CC="4022115090000"/>
						<SP ID="P6_SP00044" HPOS="2192" VPOS="6252" WIDTH="30"/>
						<String ID="P6_ST00056" HPOS="2222" VPOS="6206" WIDTH="140" HEIGHT="36" CONTENT="Street." WC="0.99" CC="4050004"/>
						<SP ID="P6_SP00045" HPOS="2362" VPOS="6252" WIDTH="38"/>
						<String ID="P6_ST00057" HPOS="2400" VPOS="6206" WIDTH="28" HEIGHT="35" CONTENT="It" WC="0.90" CC="01"/>
						<SP ID="P6_SP00046" HPOS="2428" VPOS="6252" WIDTH="30"/>
						<String ID="P6_ST00058" HPOS="2458" VPOS="6216" WIDTH="120" HEIGHT="25" CONTENT="came" WC="1.00" CC="0000"/>
						<SP ID="P6_SP00047" HPOS="2578" VPOS="6252" WIDTH="30"/>
						<String ID="P6_ST00059" HPOS="2608" VPOS="6208" WIDTH="72" HEIGHT="33" CONTENT="out" WC="0.99" CC="002"/>
					</TextLine>
					<TextLine ID="P6_TL00013" HPOS="1899" VPOS="6257" WIDTH="774" HEIGHT="44">
						<String ID="P6_ST00060" HPOS="1899" VPOS="6258" WIDTH="102" HEIGHT="38" CONTENT="from" WC="0.99" CC="6000"/>
						<SP ID="P6_SP00048" HPOS="2002" VPOS="6296" WIDTH="28"/>
						<String ID="P6_ST00061" HPOS="2030" VPOS="6257" WIDTH="129" HEIGHT="41" CONTENT="under" WC="0.99" CC="60000"/>
						<SP ID="P6_SP00049" HPOS="2159" VPOS="6298" WIDTH="25"/>
						<String ID="P6_ST00062" HPOS="2184" VPOS="6271" WIDTH="20" HEIGHT="27" CONTENT="a" WC="1.00" CC="0"/>
						<SP ID="P6_SP00050" HPOS="2205" VPOS="6298" WIDTH="24"/>
						<String ID="P6_ST00063" HPOS="2228" VPOS="6260" WIDTH="180" HEIGHT="39" CONTENT="wooden" WC="1.00" CC="000000"/>
						<SP ID="P6_SP00051" HPOS="2408" VPOS="6299" WIDTH="27"/>
						<String ID="P6_ST00064" HPOS="2435" VPOS="6260" WIDTH="124" HEIGHT="41" CONTENT="fence" WC="1.00" CC="00000"/>
						<SP ID="P6_SP00052" HPOS="2559" VPOS="6301" WIDTH="25"/>
						<String ID="P6_ST00065" HPOS="2584" VPOS="6268" WIDTH="41" HEIGHT="33" CONTENT="at" WC="0.96" CC="00"/>
						<SP ID="P6_SP00053" HPOS="2625" VPOS="6301" WIDTH="24"/>
						<String ID="P6_ST00066" HPOS="2649" VPOS="6276" WIDTH="24" HEIGHT="25" CONTENT="a" WC="1.00" CC="0"/>
					</TextLine>
				</TextBlock>
				<TextBlock ID="P6_TB00002" HPOS="2735" VPOS="5557" WIDTH="774" HEIGHT="572" language="en" STYLEREFS="TXT_0 PAR_BLOCK">
					<TextLine ID="P6_TL00014" HPOS="2739" VPOS="5559" WIDTH="770" HEIGHT="49">
						<String ID="P6_ST00067" HPOS="2739" VPOS="5565" WIDTH="151" HEIGHT="31" CONTENT="vacant" WC="0.99" CC="004201"/>
						<SP ID="P6_SP00054" HPOS="2890" VPOS="5597" WIDTH="27"/>
						<String ID="P6_ST00068" HPOS="2917" VPOS="5559" WIDTH="55" HEIGHT="38" CONTENT="lot" WC="0.97" CC="430"/>
						<SP ID="P6_SP00055" HPOS="2972" VPOS="5597" WIDTH="30"/>
						<String ID="P6_ST00069" HPOS="3002" VPOS="5572" WIDTH="96" HEIGHT="25" CONTENT="near" WC="0.98" CC="4030"/>
						<SP ID="P6_SP00056" HPOS="3098" VPOS="5597" WIDTH="28"/>
						<String ID="P6_ST00070" HPOS="3126" VPOS="5561" WIDTH="198" HEIGHT="46" CONTENT="Bendel's," WC="0.85" CC="030000063"/>
						<SP ID="P6_SP00057" HPOS="3324" VPOS="5606" WIDTH="28"/>
						<String ID="P6_ST00071" HPOS="3353" VPOS="5562" WIDTH="156" HEIGHT="46" CONTENT="paused" WC="0.98" CC="905100"/>
					</TextLine>
					<TextLine ID="P6_TL00015" HPOS="2739" VPOS="5616" WIDTH="770" HEIGHT="47">
						<String ID="P6_ST00072" HPOS="2739" VPOS="5616" WIDTH="61" HEIGHT="39" CONTENT="for" WC="1.00" CC="000"/>
						<SP ID="P6_SP00058" HPOS="2800" VPOS="5655" WIDTH="49"/>
						<String ID="P6_ST00073" HPOS="2849" VPOS="5616" WIDTH="148" HEIGHT="47" CONTENT="traffic," WC="1.00" CC="00210003"/>
						<SP ID="P6_SP00059" HPOS="2997" VPOS="5663" WIDTH="47"/>
						<String ID="P6_ST00074" HPOS="3044" VPOS="5617" WIDTH="80" HEIGHT="39" CONTENT="and" WC="0.96" CC="630"/>
						<SP ID="P6_SP00060" HPOS="3124" VPOS="5663" WIDTH="49"/>
						<String ID="P6_ST00075" HPOS="3173" VPOS="5619" WIDTH="98" HEIGHT="39" CONTENT="then" WC="1.00" CC="0000"/>
						<SP ID="P6_SP00061" HPOS="3271" VPOS="5663" WIDTH="52"/>
						<String ID="P6_ST00076" HPOS="3323" VPOS="5620" WIDTH="186" HEIGHT="38" CONTENT="streaked" WC="1.00" CC="40000000"/>
					</TextLine>
					<TextLine ID="P6_TL00016" HPOS="2740" VPOS="5676" WIDTH="769" HEIGHT="50">
						<String ID="P6_ST00077" HPOS="2740" VPOS="5687" WIDTH="137" HEIGHT="27" CONTENT="across" WC="0.99" CC="000064"/>
						<SP ID="P6_SP00062" HPOS="2877" VPOS="5713" WIDTH="16"/>
						<String ID="P6_ST00078" HPOS="2893" VPOS="5682" WIDTH="43" HEIGHT="33" CONTENT="to" WC="1.00" CC="00"/>
						<SP ID="P6_SP00063" HPOS="2935" VPOS="5715" WIDTH="16"/>
						<String ID="P6_ST00079" HPOS="2951" VPOS="5676" WIDTH="71" HEIGHT="39" CONTENT="the" WC="1.00" CC="000"/>
						<SP ID="P6_SP00064" HPOS="3022" VPOS="5715" WIDTH="16"/>
						<String ID="P6_ST00080" HPOS="3038" VPOS="5683" WIDTH="167" HEIGHT="39" CONTENT="uptown" WC="1.00" CC="100000"/>
						<SP ID="P6_SP00065" HPOS="3205" VPOS="5723" WIDTH="19"/>
						<String ID="P6_ST00081" HPOS="3224" VPOS="5677" WIDTH="206" HEIGHT="49" CONTENT="sidewalk," WC="1.00" CC="400003500"/>
						<SP ID="P6_SP00066" HPOS="3430" VPOS="5726" WIDTH="19"/>
						<String ID="P6_ST00082" HPOS="3449" VPOS="5685" WIDTH="60" HEIGHT="33" CONTENT="sat" WC="0.98" CC="400"/>
					</TextLine>
					<TextLine ID="P6_TL00017" HPOS="2739" VPOS="5734" WIDTH="769" HEIGHT="49">
						<String ID="P6_ST00083" HPOS="2739" VPOS="5745" WIDTH="20" HEIGHT="27" CONTENT="a" WC="0.75" CC="2"/>
						<SP ID="P6_SP00067" HPOS="2759" VPOS="5772" WIDTH="19"/>
						<String ID="P6_ST00084" HPOS="2778" VPOS="5734" WIDTH="123" HEIGHT="38" CONTENT="while" WC="1.00" CC="00030"/>
						<SP ID="P6_SP00068" HPOS="2901" VPOS="5772" WIDTH="20"/>
						<String ID="P6_ST00085" HPOS="2921" VPOS="5735" WIDTH="35" HEIGHT="36" CONTENT="in" WC="0.95" CC="00"/>
						<SP ID="P6_SP00069" HPOS="2956" VPOS="5772" WIDTH="22"/>
						<String ID="P6_ST00086" HPOS="2978" VPOS="5734" WIDTH="69" HEIGHT="39" CONTENT="the" WC="1.00" CC="000"/>
						<SP ID="P6_SP00070" HPOS="3047" VPOS="5773" WIDTH="19"/>
						<String ID="P6_ST00087" HPOS="3066" VPOS="5735" WIDTH="110" HEIGHT="47" CONTENT="dark," WC="1.00" CC="00300"/>
						<SP ID="P6_SP00071" HPOS="3176" VPOS="5783" WIDTH="17"/>
						<String ID="P6_ST00088" HPOS="3194" VPOS="5735" WIDTH="79" HEIGHT="39" CONTENT="and" WC="1.00" CC="000"/>
						<SP ID="P6_SP00072" HPOS="3272" VPOS="5783" WIDTH="20"/>
						<String ID="P6_ST00089" HPOS="3293" VPOS="5737" WIDTH="214" HEIGHT="39" CONTENT="vanished." WC="1.00" CC="043020000"/>
					</TextLine>
					<TextLine ID="P6_TL00018" HPOS="2742" VPOS="5794" WIDTH="765" HEIGHT="47">
						<String ID="P6_ST00090" HPOS="2742" VPOS="5794" WIDTH="28" HEIGHT="38" CONTENT="It" WC="0.73" CC="13"/>
						<SP ID="P6_SP00073" HPOS="2770" VPOS="5831" WIDTH="25"/>
						<String ID="P6_ST00091" HPOS="2795" VPOS="5805" WIDTH="83" HEIGHT="27" CONTENT="was" WC="0.99" CC="003"/>
						<SP ID="P6_SP00074" HPOS="2879" VPOS="5831" WIDTH="28"/>
						<String ID="P6_ST00092" HPOS="2907" VPOS="5806" WIDTH="66" HEIGHT="35" CONTENT="my" WC="1.00" CC="00"/>
						<SP ID="P6_SP00075" HPOS="2973" VPOS="5841" WIDTH="28"/>
						<String ID="P6_ST00093" HPOS="3002" VPOS="5794" WIDTH="156" HEIGHT="38" CONTENT="second" WC="1.00" CC="000050"/>
						<SP ID="P6_SP00076" HPOS="3157" VPOS="5841" WIDTH="31"/>
						<String ID="P6_ST00094" HPOS="3189" VPOS="5802" WIDTH="57" HEIGHT="31" CONTENT="rat" WC="0.99" CC="030"/>
						<SP ID="P6_SP00077" HPOS="3246" VPOS="5841" WIDTH="27"/>
						<String ID="P6_ST00095" HPOS="3272" VPOS="5795" WIDTH="79" HEIGHT="38" CONTENT="this" WC="0.99" CC="0005"/>
						<SP ID="P6_SP00078" HPOS="3351" VPOS="5841" WIDTH="27"/>
						<String ID="P6_ST00096" HPOS="3378" VPOS="5797" WIDTH="129" HEIGHT="38" CONTENT="week." WC="1.00" CC="00000"/>
					</TextLine>
					<TextLine ID="P6_TL00019" HPOS="2737" VPOS="5849" WIDTH="772" HEIGHT="44">
						<String ID="P6_ST00097" HPOS="2737" VPOS="5849" WIDTH="82" HEIGHT="41" CONTENT="The" WC="0.99" CC="002"/>
						<SP ID="P6_SP00079" HPOS="2819" VPOS="5890" WIDTH="16"/>
						<String ID="P6_ST00098" HPOS="2835" VPOS="5849" WIDTH="85" HEIGHT="41" CONTENT="first" WC="1.00" CC="30000"/>
						<SP ID="P6_SP00080" HPOS="2920" VPOS="5890" WIDTH="14"/>
						<String ID="P6_ST00099" HPOS="2934" VPOS="5865" WIDTH="83" HEIGHT="25" CONTENT="was" WC="1.00" CC="000"/>
						<SP ID="P6_SP00081" HPOS="3017" VPOS="5890" WIDTH="19"/>
						<String ID="P6_ST00100" HPOS="3036" VPOS="5855" WIDTH="36" HEIGHT="35" CONTENT="in" WC="0.68" CC="06"/>
						<SP ID="P6_SP00082" HPOS="3072" VPOS="5890" WIDTH="17"/>
						<String ID="P6_ST00101" HPOS="3090" VPOS="5866" WIDTH="22" HEIGHT="25" CONTENT="a" WC="0.91" CC="0"/>
						<SP ID="P6_SP00083" HPOS="3112" VPOS="5891" WIDTH="19"/>
						<String ID="P6_ST00102" HPOS="3131" VPOS="5852" WIDTH="131" HEIGHT="41" CONTENT="Greek" WC="0.99" CC="21000"/>
						<SP ID="P6_SP00084" HPOS="3261" VPOS="5893" WIDTH="20"/>
						<String ID="P6_ST00103" HPOS="3282" VPOS="5860" WIDTH="227" HEIGHT="33" CONTENT="restaurant" WC="1.00" CC="5020000100"/>
					</TextLine>
					<TextLine ID="P6_TL00020" HPOS="2735" VPOS="5901" WIDTH="774" HEIGHT="60">
						<String ID="P6_ST00104" HPOS="2735" VPOS="5909" WIDTH="137" HEIGHT="39" CONTENT="where" WC="1.00" CC="00000"/>
						<SP ID="P6_SP00085" HPOS="2872" VPOS="5948" WIDTH="36"/>
						<String ID="P6_ST00105" HPOS="2909" VPOS="5901" WIDTH="217" HEIGHT="49" CONTENT='there"*are' WC="0.99" CC="0000067120"/>
						<SP ID="P6_SP00086" HPOS="3126" VPOS="5950" WIDTH="39"/>
						<String ID="P6_ST00106" HPOS="3165" VPOS="5910" WIDTH="225" HEIGHT="50" CONTENT="lap-height" WC="1.00" CC="1600001500"/>
						<SP ID="P6_SP00087" HPOS="3391" VPOS="5961" WIDTH="36"/>
						<String ID="P6_ST00107" HPOS="3427" VPOS="5913" WIDTH="82" HEIGHT="39" CONTENT="sills" WC="0.97" CC="40463"/>
					</TextLine>
					<TextLine ID="P6_TL00021" HPOS="2739" VPOS="5967" WIDTH="769" HEIGHT="44">
						<String ID="P6_ST00108" HPOS="2739" VPOS="5967" WIDTH="128" HEIGHT="39" CONTENT="under" WC="0.99" CC="00004"/>
						<SP ID="P6_SP00088" HPOS="2866" VPOS="6006" WIDTH="17"/>
						<String ID="P6_ST00109" HPOS="2883" VPOS="5969" WIDTH="49" HEIGHT="38" CONTENT="all" WC="0.96" CC="054"/>
						<SP ID="P6_SP00089" HPOS="2932" VPOS="6006" WIDTH="17"/>
						<String ID="P6_ST00110" HPOS="2950" VPOS="5969" WIDTH="71" HEIGHT="38" CONTENT="the" WC="1.00" CC="000"/>
						<SP ID="P6_SP00090" HPOS="3020" VPOS="6006" WIDTH="14"/>
						<String ID="P6_ST00111" HPOS="3035" VPOS="5970" WIDTH="209" HEIGHT="38" CONTENT="windows." WC="1.00" CC="00001040"/>
						<SP ID="P6_SP00091" HPOS="3244" VPOS="6008" WIDTH="19"/>
						<String ID="P6_ST00112" HPOS="3263" VPOS="5970" WIDTH="82" HEIGHT="39" CONTENT="The" WC="1.00" CC="000"/>
						<SP ID="P6_SP00092" HPOS="3345" VPOS="6009" WIDTH="17"/>
						<String ID="P6_ST00113" HPOS="3362" VPOS="5978" WIDTH="58" HEIGHT="33" CONTENT="rat" WC="1.00" CC="000"/>
						<SP ID="P6_SP00093" HPOS="3420" VPOS="6011" WIDTH="19"/>
						<String ID="P6_ST00114" HPOS="3439" VPOS="5984" WIDTH="68" HEIGHT="27" CONTENT="ran" WC="1.00" CC="100"/>
					</TextLine>
					<TextLine ID="P6_TL00022" HPOS="2737" VPOS="6025" WIDTH="772" HEIGHT="51">
						<String ID="P6_ST00115" HPOS="2737" VPOS="6025" WIDTH="123" HEIGHT="49" CONTENT="along" WC="0.99" CC="00007"/>
						<SP ID="P6_SP00094" HPOS="2860" VPOS="6074" WIDTH="38"/>
						<String ID="P6_ST00116" HPOS="2898" VPOS="6025" WIDTH="69" HEIGHT="41" CONTENT="the" WC="0.99" CC="003"/>
						<SP ID="P6_SP00095" HPOS="2967" VPOS="6074" WIDTH="36"/>
						<String ID="P6_ST00117" HPOS="3003" VPOS="6027" WIDTH="94" HEIGHT="47" CONTENT="sills," WC="1.00" CC="003001"/>
						<SP ID="P6_SP00096" HPOS="3098" VPOS="6074" WIDTH="35"/>
						<String ID="P6_ST00118" HPOS="3132" VPOS="6028" WIDTH="169" HEIGHT="47" CONTENT="straight" WC="1.00" CC="30000000"/>
						<SP ID="P6_SP00097" HPOS="3301" VPOS="6076" WIDTH="39"/>
						<String ID="P6_ST00119" HPOS="3340" VPOS="6030" WIDTH="169" HEIGHT="46" CONTENT="toward," WC="1.00" CC="0003002"/>
					</TextLine>
					<TextLine ID="P6_TL00023" HPOS="2735" VPOS="6082" WIDTH="382" HEIGHT="47">
						<String ID="P6_ST00120" HPOS="2735" VPOS="6082" WIDTH="96" HEIGHT="39" CONTENT="than" WC="1.00" CC="0020"/>
						<SP ID="P6_SP00098" HPOS="2831" VPOS="6121" WIDTH="31"/>
						<String ID="P6_ST00121" HPOS="2863" VPOS="6091" WIDTH="90" HEIGHT="38" CONTENT="past" WC="1.00" CC="1000"/>
						<SP ID="P6_SP00099" HPOS="2953" VPOS="6129" WIDTH="30"/>
						<String ID="P6_ST00122" HPOS="2983" VPOS="6090" WIDTH="134" HEIGHT="36" CONTENT='me..."' WC="0.99" CC="000008"/>
					</TextLine>
				</TextBlock>
				<TextBlock ID="P6_TB00003" HPOS="2734" VPOS="6142" WIDTH="770" HEIGHT="167" language="en" STYLEREFS="TXT_0 PAR_LEFT">
					<TextLine ID="P6_TL00024" HPOS="2786" VPOS="6142" WIDTH="718" HEIGHT="58">
						<String ID="P6_ST00123" HPOS="2786" VPOS="6142" WIDTH="107" HEIGHT="39" CONTENT='"The' WC="0.98" CC="8000"/>
						<SP ID="P6_SP00100" HPOS="2893" VPOS="6181" WIDTH="16"/>
						<String ID="P6_ST00124" HPOS="2909" VPOS="6145" WIDTH="156" HEIGHT="39" CONTENT="second" WC="1.00" CC="000000"/>
						<SP ID="P6_SP00101" HPOS="3065" VPOS="6184" WIDTH="19"/>
						<String ID="P6_ST00125" HPOS="3083" VPOS="6153" WIDTH="71" HEIGHT="41" CONTENT="rat," WC="0.97" CC="5402"/>
						<SP ID="P6_SP00102" HPOS="3154" VPOS="6194" WIDTH="17"/>
						<String ID="P6_ST00126" HPOS="3172" VPOS="6148" WIDTH="44" HEIGHT="39" CONTENT="of" WC="0.54" CC="26"/>
						<SP ID="P6_SP00103" HPOS="3216" VPOS="6194" WIDTH="19"/>
						<String ID="P6_ST00127" HPOS="3235" VPOS="6162" WIDTH="159" HEIGHT="35" CONTENT="course," WC="1.00" CC="0000200"/>
						<SP ID="P6_SP00104" HPOS="3394" VPOS="6197" WIDTH="19"/>
						<String ID="P6_ST00128" HPOS="3413" VPOS="6165" WIDTH="91" HEIGHT="35" CONTENT="may" WC="1.00" CC="000"/>
					</TextLine>
					<TextLine ID="P6_TL00025" HPOS="2734" VPOS="6198" WIDTH="770" HEIGHT="51">
						<String ID="P6_ST00129" HPOS="2734" VPOS="6198" WIDTH="104" HEIGHT="41" CONTENT="have" WC="1.00" CC="0100"/>
						<SP ID="P6_SP00105" HPOS="2838" VPOS="6239" WIDTH="39"/>
						<String ID="P6_ST00130" HPOS="2877" VPOS="6202" WIDTH="104" HEIGHT="39" CONTENT="been" WC="0.99" CC="4000"/>
						<SP ID="P6_SP00106" HPOS="2981" VPOS="6241" WIDTH="41"/>
						<String ID="P6_ST00131" HPOS="3022" VPOS="6203" WIDTH="71" HEIGHT="39" CONTENT="the" WC="0.99" CC="300"/>
						<SP ID="P6_SP00107" HPOS="3093" VPOS="6243" WIDTH="39"/>
						<String ID="P6_ST00132" HPOS="3132" VPOS="6205" WIDTH="85" HEIGHT="41" CONTENT="first" WC="0.99" CC="40030"/>
						<SP ID="P6_SP00108" HPOS="3217" VPOS="6246" WIDTH="39"/>
						<String ID="P6_ST00133" HPOS="3257" VPOS="6214" WIDTH="58" HEIGHT="33" CONTENT="rat" WC="0.98" CC="130"/>
						<SP ID="P6_SP00109" HPOS="3315" VPOS="6247" WIDTH="39"/>
						<String ID="P6_ST00134" HPOS="3354" VPOS="6208" WIDTH="150" HEIGHT="41" CONTENT="farther" WC="0.99" CC="5062000"/>
					</TextLine>
					<TextLine ID="P6_TL00026" HPOS="2734" VPOS="6261" WIDTH="770" HEIGHT="48">
						<String ID="P6_ST00135" HPOS="2734" VPOS="6266" WIDTH="183" HEIGHT="41" CONTENT="uptown," WC="0.99" CC="0030064"/>
						<SP ID="P6_SP00110" HPOS="2917" VPOS="6307" WIDTH="17"/>
						<String ID="P6_ST00136" HPOS="2934" VPOS="6265" WIDTH="35" HEIGHT="36" CONTENT="in" WC="1.00" CC="00"/>
						<SP ID="P6_SP00111" HPOS="2969" VPOS="6307" WIDTH="17"/>
						<String ID="P6_ST00137" HPOS="2986" VPOS="6261" WIDTH="134" HEIGHT="39" CONTENT="which" WC="1.00" CC="00000"/>
						<SP ID="P6_SP00112" HPOS="3120" VPOS="6307" WIDTH="22"/>
						<String ID="P6_ST00138" HPOS="3142" VPOS="6276" WIDTH="96" HEIGHT="28" CONTENT="case" WC="1.00" CC="0010"/>
						<SP ID="P6_SP00113" HPOS="3238" VPOS="6307" WIDTH="20"/>
						<String ID="P6_ST00139" HPOS="3258" VPOS="6261" WIDTH="6" HEIGHT="47" CONTENT="I" WC="0.55" CC="4"/>
						<SP ID="P6_SP00114" HPOS="3265" VPOS="6309" WIDTH="25"/>
						<String ID="P6_ST00140" HPOS="3290" VPOS="6279" WIDTH="63" HEIGHT="27" CONTENT="am" WC="0.74" CC="50"/>
						<SP ID="P6_SP00115" HPOS="3353" VPOS="6309" WIDTH="22"/>
						<String ID="P6_ST00141" HPOS="3375" VPOS="6268" WIDTH="129" HEIGHT="41" CONTENT="either" WC="1.00" CC="000060"/>
					</TextLine>
				</TextBlock>
				<TextBlock ID="P6_TB00004" HPOS="3578" VPOS="5562" WIDTH="767" HEIGHT="282" language="en" STYLEREFS="TXT_0 PAR_BLOCK">
					<TextLine ID="P6_TL00027" HPOS="3581" VPOS="5562" WIDTH="764" HEIGHT="54">
						<String ID="P6_ST00142" HPOS="3581" VPOS="5562" WIDTH="121" HEIGHT="50" CONTENT="being" WC="1.00" CC="30000"/>
						<SP ID="P6_SP00116" HPOS="3702" VPOS="5613" WIDTH="31"/>
						<String ID="P6_ST00143" HPOS="3734" VPOS="5564" WIDTH="194" HEIGHT="41" CONTENT="followed" WC="1.00" CC="00000000"/>
						<SP ID="P6_SP00117" HPOS="3928" VPOS="5613" WIDTH="31"/>
						<String ID="P6_ST00144" HPOS="3959" VPOS="5580" WIDTH="44" HEIGHT="25" CONTENT="or" WC="1.00" CC="00"/>
						<SP ID="P6_SP00118" HPOS="4003" VPOS="5613" WIDTH="30"/>
						<String ID="P6_ST00145" HPOS="4033" VPOS="5567" WIDTH="71" HEIGHT="39" CONTENT="the" WC="0.98" CC="400"/>
						<SP ID="P6_SP00119" HPOS="4104" VPOS="5613" WIDTH="31"/>
						<String ID="P6_ST00146" HPOS="4135" VPOS="5575" WIDTH="57" HEIGHT="31" CONTENT="rat" WC="1.00" CC="000"/>
						<SP ID="P6_SP00120" HPOS="4192" VPOS="5613" WIDTH="31"/>
						<String ID="P6_ST00147" HPOS="4224" VPOS="5569" WIDTH="121" HEIGHT="47" CONTENT="keeps" WC="0.99" CC="02005"/>
					</TextLine>
					<TextLine ID="P6_TL00028" HPOS="3578" VPOS="5622" WIDTH="765" HEIGHT="44">
						<String ID="P6_ST00148" HPOS="3578" VPOS="5622" WIDTH="69" HEIGHT="38" CONTENT="the" WC="1.00" CC="000"/>
						<SP ID="P6_SP00121" HPOS="3647" VPOS="5660" WIDTH="20"/>
						<String ID="P6_ST00149" HPOS="3668" VPOS="5635" WIDTH="115" HEIGHT="27" CONTENT="same" WC="0.98" CC="5006"/>
						<SP ID="P6_SP00122" HPOS="3783" VPOS="5661" WIDTH="20"/>
						<String ID="P6_ST00150" HPOS="3803" VPOS="5624" WIDTH="148" HEIGHT="39" CONTENT="rounds" WC="1.00" CC="200001"/>
						<SP ID="P6_SP00123" HPOS="3951" VPOS="5663" WIDTH="20"/>
						<String ID="P6_ST00151" HPOS="3972" VPOS="5625" WIDTH="79" HEIGHT="39" CONTENT="and" WC="0.99" CC="030"/>
						<SP ID="P6_SP00124" HPOS="4050" VPOS="5665" WIDTH="22"/>
						<String ID="P6_ST00152" HPOS="4072" VPOS="5625" WIDTH="121" HEIGHT="39" CONTENT="hours" WC="0.97" CC="70536"/>
						<SP ID="P6_SP00125" HPOS="4194" VPOS="5665" WIDTH="24"/>
						<String ID="P6_ST00153" HPOS="4217" VPOS="5622" WIDTH="5" HEIGHT="44" CONTENT="I" WC="1.00" CC="0"/>
						<SP ID="P6_SP00126" HPOS="4222" VPOS="5666" WIDTH="24"/>
						<String ID="P6_ST00154" HPOS="4246" VPOS="5627" WIDTH="66" HEIGHT="39" CONTENT="do." WC="1.00" CC="000"/>
						<SP ID="P6_SP00127" HPOS="4312" VPOS="5666" WIDTH="25"/>
						<String ID="P6_ST00155" HPOS="4337" VPOS="5622" WIDTH="6" HEIGHT="44" CONTENT="I" WC="0.62" CC="3"/>
					</TextLine>
					<TextLine ID="P6_TL00029" HPOS="3581" VPOS="5680" WIDTH="764" HEIGHT="49">
						<String ID="P6_ST00156" HPOS="3581" VPOS="5680" WIDTH="110" HEIGHT="39" CONTENT="think" WC="0.99" CC="50000"/>
						<SP ID="P6_SP00128" HPOS="3691" VPOS="5720" WIDTH="20"/>
						<String ID="P6_ST00157" HPOS="3712" VPOS="5683" WIDTH="143" HEIGHT="46" CONTENT="sanity," WC="0.99" CC="4000600"/>
						<SP ID="P6_SP00129" HPOS="3855" VPOS="5729" WIDTH="20"/>
						<String ID="P6_ST00158" HPOS="3876" VPOS="5683" WIDTH="202" HEIGHT="46" CONTENT="however," WC="1.00" CC="02000000"/>
						<SP ID="P6_SP00130" HPOS="4077" VPOS="5729" WIDTH="20"/>
						<String ID="P6_ST00159" HPOS="4098" VPOS="5687" WIDTH="27" HEIGHT="36" CONTENT="is" WC="0.79" CC="04"/>
						<SP ID="P6_SP00131" HPOS="4124" VPOS="5729" WIDTH="24"/>
						<String ID="P6_ST00160" HPOS="4148" VPOS="5683" WIDTH="69" HEIGHT="41" CONTENT="the" WC="1.00" CC="000"/>
						<SP ID="P6_SP00132" HPOS="4217" VPOS="5729" WIDTH="24"/>
						<String ID="P6_ST00161" HPOS="4241" VPOS="5693" WIDTH="104" HEIGHT="33" CONTENT="most" WC="0.99" CC="0050"/>
					</TextLine>
					<TextLine ID="P6_TL00030" HPOS="3578" VPOS="5739" WIDTH="767" HEIGHT="50">
						<String ID="P6_ST00162" HPOS="3578" VPOS="5739" WIDTH="208" HEIGHT="47" CONTENT="profound" WC="1.00" CC="50000000"/>
						<SP ID="P6_SP00133" HPOS="3786" VPOS="5786" WIDTH="44"/>
						<String ID="P6_ST00163" HPOS="3830" VPOS="5743" WIDTH="124" HEIGHT="36" CONTENT="moral" WC="1.00" CC="00002"/>
						<SP ID="P6_SP00134" HPOS="3954" VPOS="5786" WIDTH="46"/>
						<String ID="P6_ST00164" HPOS="4000" VPOS="5745" WIDTH="143" HEIGHT="44" CONTENT="option" WC="1.00" CC="000000"/>
						<SP ID="P6_SP00135" HPOS="4143" VPOS="5789" WIDTH="44"/>
						<String ID="P6_ST00165" HPOS="4187" VPOS="5745" WIDTH="44" HEIGHT="38" CONTENT="of" WC="0.57" CC="26"/>
						<SP ID="P6_SP00136" HPOS="4231" VPOS="5789" WIDTH="43"/>
						<String ID="P6_ST00166" HPOS="4274" VPOS="5757" WIDTH="71" HEIGHT="27" CONTENT="our" WC="1.00" CC="000"/>
					</TextLine>
					<TextLine ID="P6_TL00031" HPOS="3578" VPOS="5800" WIDTH="518" HEIGHT="44">
						<String ID="P6_ST00167" HPOS="3578" VPOS="5800" WIDTH="112" HEIGHT="38" CONTENT="time." WC="1.00" CC="40000"/>
						<SP ID="P6_SP00137" HPOS="3690" VPOS="5838" WIDTH="30"/>
						<String ID="P6_ST00168" HPOS="3720" VPOS="5802" WIDTH="93" HEIGHT="36" CONTENT="Two" WC="0.97" CC="070"/>
						<SP ID="P6_SP00138" HPOS="3813" VPOS="5838" WIDTH="28"/>
						<String ID="P6_ST00169" HPOS="3841" VPOS="5806" WIDTH="91" HEIGHT="38" CONTENT="rats," WC="0.99" CC="30003"/>
						<SP ID="P6_SP00139" HPOS="3932" VPOS="5844" WIDTH="25"/>
						<String ID="P6_ST00170" HPOS="3957" VPOS="5800" WIDTH="139" HEIGHT="41" CONTENT='then."' WC="0.99" CC="000028"/>
					</TextLine>
				</TextBlock>
				<TextBlock ID="P6_TB00005" HPOS="3573" VPOS="5857" WIDTH="770" HEIGHT="395" language="en" STYLEREFS="TXT_0 PAR_BLOCK">
					<TextLine ID="P6_TL00032" HPOS="3630" VPOS="5858" WIDTH="713" HEIGHT="53">
						<String ID="P6_ST00171" HPOS="3630" VPOS="5860" WIDTH="76" HEIGHT="36" CONTENT="Ms." WC="1.00" CC="000"/>
						<SP ID="P6_SP00140" HPOS="3706" VPOS="5896" WIDTH="39"/>
						<String ID="P6_ST00172" HPOS="3745" VPOS="5858" WIDTH="121" HEIGHT="38" CONTENT="Adler" WC="0.99" CC="00400"/>
						<SP ID="P6_SP00141" HPOS="3866" VPOS="5896" WIDTH="36"/>
						<String ID="P6_ST00173" HPOS="3902" VPOS="5858" WIDTH="71" HEIGHT="39" CONTENT="has" WC="1.00" CC="000"/>
						<SP ID="P6_SP00142" HPOS="3973" VPOS="5898" WIDTH="38"/>
						<String ID="P6_ST00174" HPOS="4011" VPOS="5863" WIDTH="117" HEIGHT="44" CONTENT="given" WC="1.00" CC="00000"/>
						<SP ID="P6_SP00143" HPOS="4128" VPOS="5907" WIDTH="41"/>
						<String ID="P6_ST00175" HPOS="4169" VPOS="5874" WIDTH="43" HEIGHT="27" CONTENT="us" WC="0.79" CC="03"/>
						<SP ID="P6_SP00144" HPOS="4211" VPOS="5907" WIDTH="41"/>
						<String ID="P6_ST00176" HPOS="4252" VPOS="5876" WIDTH="91" HEIGHT="35" CONTENT="very" WC="1.00" CC="0000"/>
					</TextLine>
					<TextLine ID="P6_TL00033" HPOS="3576" VPOS="5917" WIDTH="766" HEIGHT="47">
						<String ID="P6_ST00177" HPOS="3576" VPOS="5918" WIDTH="189" HEIGHT="46" CONTENT="amusing" WC="1.00" CC="1033000"/>
						<SP ID="P6_SP00145" HPOS="3765" VPOS="5964" WIDTH="44"/>
						<String ID="P6_ST00178" HPOS="3809" VPOS="5917" WIDTH="194" HEIGHT="47" CONTENT="glimpses" WC="0.99" CC="00070104"/>
						<SP ID="P6_SP00146" HPOS="4003" VPOS="5964" WIDTH="46"/>
						<String ID="P6_ST00179" HPOS="4049" VPOS="5918" WIDTH="79" HEIGHT="39" CONTENT="and" WC="0.97" CC="060"/>
						<SP ID="P6_SP00147" HPOS="4128" VPOS="5964" WIDTH="50"/>
						<String ID="P6_ST00180" HPOS="4178" VPOS="5921" WIDTH="164" HEIGHT="38" CONTENT="ironical" WC="1.00" CC="03000000"/>
					</TextLine>
					<TextLine ID="P6_TL00034" HPOS="3576" VPOS="5975" WIDTH="767" HEIGHT="49">
						<String ID="P6_ST00181" HPOS="3576" VPOS="5976" WIDTH="151" HEIGHT="38" CONTENT="visions" WC="0.99" CC="0030006"/>
						<SP ID="P6_SP00148" HPOS="3728" VPOS="6014" WIDTH="38"/>
						<String ID="P6_ST00182" HPOS="3765" VPOS="5975" WIDTH="44" HEIGHT="39" CONTENT="of" WC="0.93" CC="10"/>
						<SP ID="P6_SP00149" HPOS="3809" VPOS="6014" WIDTH="35"/>
						<String ID="P6_ST00183" HPOS="3844" VPOS="5987" WIDTH="74" HEIGHT="27" CONTENT="our" WC="1.00" CC="000"/>
						<SP ID="P6_SP00150" HPOS="3918" VPOS="6014" WIDTH="39"/>
						<String ID="P6_ST00184" HPOS="3957" VPOS="5989" WIDTH="88" HEIGHT="35" CONTENT="age," WC="0.99" CC="4000"/>
						<SP ID="P6_SP00151" HPOS="4046" VPOS="6024" WIDTH="35"/>
						<String ID="P6_ST00185" HPOS="4080" VPOS="5978" WIDTH="96" HEIGHT="39" CONTENT="with" WC="1.00" CC="0000"/>
						<SP ID="P6_SP00152" HPOS="4176" VPOS="6024" WIDTH="43"/>
						<String ID="P6_ST00186" HPOS="4219" VPOS="5991" WIDTH="124" HEIGHT="27" CONTENT="scene" WC="0.99" CC="00040"/>
					</TextLine>
					<TextLine ID="P6_TL00035" HPOS="3576" VPOS="6031" WIDTH="767" HEIGHT="45">
						<String ID="P6_ST00187" HPOS="3576" VPOS="6031" WIDTH="113" HEIGHT="41" CONTENT="after" WC="0.99" CC="06001"/>
						<SP ID="P6_SP00153" HPOS="3690" VPOS="6072" WIDTH="54"/>
						<String ID="P6_ST00188" HPOS="3743" VPOS="6046" WIDTH="139" HEIGHT="28" CONTENT="scene" WC="0.98" CC="75002"/>
						<SP ID="P6_SP00154" HPOS="3882" VPOS="6074" WIDTH="54"/>
						<String ID="P6_ST00189" HPOS="3935" VPOS="6035" WIDTH="146" HEIGHT="41" CONTENT="which" WC="1.00" CC="00000"/>
						<SP ID="P6_SP00155" HPOS="4082" VPOS="6076" WIDTH="60"/>
						<String ID="P6_ST00190" HPOS="4142" VPOS="6049" WIDTH="22" HEIGHT="27" CONTENT="a" WC="1.00" CC="0"/>
						<SP ID="P6_SP00156" HPOS="4164" VPOS="6076" WIDTH="58"/>
						<String ID="P6_ST00191" HPOS="4222" VPOS="6050" WIDTH="121" HEIGHT="25" CONTENT="more" WC="1.00" CC="0000"/>
					</TextLine>
					<TextLine ID="P6_TL00036" HPOS="3575" VPOS="6091" WIDTH="767" HEIGHT="54">
						<String ID="P6_ST00192" HPOS="3575" VPOS="6091" WIDTH="233" HEIGHT="39" CONTENT="traditional" WC="1.00" CC="00000000003"/>
						<SP ID="P6_SP00157" HPOS="3808" VPOS="6131" WIDTH="19"/>
						<String ID="P6_ST00193" HPOS="3827" VPOS="6093" WIDTH="101" HEIGHT="39" CONTENT="form" WC="0.99" CC="3000"/>
						<SP ID="P6_SP00158" HPOS="3928" VPOS="6132" WIDTH="19"/>
						<String ID="P6_ST00194" HPOS="3946" VPOS="6094" WIDTH="124" HEIGHT="39" CONTENT="could" WC="0.98" CC="09010"/>
						<SP ID="P6_SP00159" HPOS="4071" VPOS="6134" WIDTH="22"/>
						<String ID="P6_ST00195" HPOS="4093" VPOS="6109" WIDTH="121" HEIGHT="27" CONTENT="never" WC="0.99" CC="00005"/>
						<SP ID="P6_SP00160" HPOS="4214" VPOS="6135" WIDTH="20"/>
						<String ID="P6_ST00196" HPOS="4235" VPOS="6096" WIDTH="107" HEIGHT="49" CONTENT="hope" WC="1.00" CC="0000"/>
					</TextLine>
					<TextLine ID="P6_TL00037" HPOS="3575" VPOS="6153" WIDTH="767" HEIGHT="44">
						<String ID="P6_ST00197" HPOS="3575" VPOS="6156" WIDTH="43" HEIGHT="31" CONTENT="to" WC="0.78" CC="04"/>
						<SP ID="P6_SP00161" HPOS="3617" VPOS="6187" WIDTH="35"/>
						<String ID="P6_ST00198" HPOS="3652" VPOS="6162" WIDTH="172" HEIGHT="35" CONTENT="convey." WC="1.00" CC="0000000"/>
						<SP ID="P6_SP00162" HPOS="3824" VPOS="6197" WIDTH="39"/>
						<String ID="P6_ST00199" HPOS="3863" VPOS="6154" WIDTH="72" HEIGHT="36" CONTENT="We" WC="1.00" CC="00"/>
						<SP ID="P6_SP00163" HPOS="3935" VPOS="6197" WIDTH="39"/>
						<String ID="P6_ST00200" HPOS="3975" VPOS="6153" WIDTH="115" HEIGHT="39" CONTENT="leave" WC="0.98" CC="20710"/>
						<SP ID="P6_SP00164" HPOS="4090" VPOS="6197" WIDTH="38"/>
						<String ID="P6_ST00201" HPOS="4128" VPOS="6153" WIDTH="68" HEIGHT="41" CONTENT="her" WC="0.99" CC="003"/>
						<SP ID="P6_SP00165" HPOS="4195" VPOS="6197" WIDTH="38"/>
						<String ID="P6_ST00202" HPOS="4233" VPOS="6154" WIDTH="109" HEIGHT="41" CONTENT="book" WC="0.99" CC="5000"/>
					</TextLine>
					<TextLine ID="P6_TL00038" HPOS="3573" VPOS="6206" WIDTH="636" HEIGHT="46">
						<String ID="P6_ST00203" HPOS="3573" VPOS="6206" WIDTH="208" HEIGHT="46" CONTENT="fatalistic," WC="1.00" CC="33011160000"/>
						<SP ID="P6_SP00166" HPOS="3781" VPOS="6252" WIDTH="28"/>
						<String ID="P6_ST00204" HPOS="3809" VPOS="6209" WIDTH="71" HEIGHT="39" CONTENT="but" WC="0.96" CC="063"/>
						<SP ID="P6_SP00167" HPOS="3880" VPOS="6252" WIDTH="27"/>
						<String ID="P6_ST00205" HPOS="3907" VPOS="6211" WIDTH="302" HEIGHT="41" CONTENT="undespairing." WC="1.00" CC="0000300000500"/>
					</TextLine>
				</TextBlock>
				<TextBlock ID="P6_TB00006" HPOS="3986" VPOS="6252" WIDTH="358" HEIGHT="101" language="en" STYLEREFS="TXT_1 PAR_RIGHT">
					<TextLine ID="P6_TL00039" HPOS="4076" VPOS="6274" WIDTH="268" HEIGHT="37">
						<String ID="P6_ST00206" HPOS="4076" VPOS="6274" WIDTH="60" HEIGHT="36" CONTENT="W." WC="0.73" CC="50"/>
						<SP ID="P6_SP00168" HPOS="4135" VPOS="6310" WIDTH="19"/>
						<String ID="P6_ST00207" HPOS="4154" VPOS="6276" WIDTH="46" HEIGHT="35" CONTENT="N." WC="0.81" CC="21"/>
						<SP ID="P6_SP00169" HPOS="4200" VPOS="6310" WIDTH="17"/>
						<String ID="P6_ST00208" HPOS="4217" VPOS="6276" WIDTH="126" HEIGHT="35" CONTENT="TIFFT" WC="0.81" CC="06110"/>
					</TextLine>
				</TextBlock>
				<TextBlock ID="P6_TB00007" HPOS="1904" VPOS="126" WIDTH="1684" HEIGHT="197" language="en" STYLEREFS="TXT_2 PAR_RIGHT">
					<TextLine ID="P6_TL00040" HPOS="1907" VPOS="128" WIDTH="1681" HEIGHT="195">
						<String ID="P6_ST00209" HPOS="1907" VPOS="135" WIDTH="677" HEIGHT="156" CONTENT="Careers" WC="0.99" CC="4015020"/>
						<SP ID="P6_SP00170" HPOS="2584" VPOS="291" WIDTH="96"/>
						<String ID="P6_ST00210" HPOS="2680" VPOS="139" WIDTH="146" HEIGHT="150" CONTENT="In" WC="0.34" CC="75"/>
						<SP ID="P6_SP00171" HPOS="2827" VPOS="291" WIDTH="96"/>
						<String ID="P6_ST00211" HPOS="2923" VPOS="128" WIDTH="665" HEIGHT="195" CONTENT="Quiche" WC="1.00" CC="000000"/>
					</TextLine>
				</TextBlock>
				<TextBlock ID="P6_TB00008" HPOS="2055" VPOS="376" WIDTH="432" HEIGHT="65" language="en" STYLEREFS="TXT_1 PAR_CENTER">
					<TextLine ID="P6_TL00041" HPOS="2090" VPOS="398" WIDTH="397" HEIGHT="43">
						<String ID="P6_ST00212" HPOS="2090" VPOS="400" WIDTH="54" HEIGHT="41" CONTENT="By" WC="0.61" CC="25"/>
						<SP ID="P6_SP00172" HPOS="2143" VPOS="441" WIDTH="16"/>
						<String ID="P6_ST00213" HPOS="2159" VPOS="398" WIDTH="101" HEIGHT="36" CONTENT="TERI" WC="1.00" CC="0000"/>
						<SP ID="P6_SP00173" HPOS="2260" VPOS="441" WIDTH="17"/>
						<String ID="P6_ST00214" HPOS="2277" VPOS="400" WIDTH="209" HEIGHT="36" CONTENT="WARREN" WC="0.99" CC="060002"/>
					</TextLine>
				</TextBlock>
				<TextBlock ID="P6_TB00009" HPOS="1882" VPOS="454" WIDTH="793" HEIGHT="4663" language="en" STYLEREFS="TXT_0 PAR_BLOCK">
					<TextLine ID="P6_TL00042" HPOS="1959" VPOS="455" WIDTH="714" HEIGHT="47">
						<String ID="P6_ST00215" HPOS="1959" VPOS="455" WIDTH="280" HEIGHT="38" CONTENT="Introduction" WC="1.00" CC="400000300050"/>
						<SP ID="P6_SP00174" HPOS="2239" VPOS="493" WIDTH="39"/>
						<String ID="P6_ST00216" HPOS="2279" VPOS="460" WIDTH="44" HEIGHT="33" CONTENT="to" WC="1.00" CC="00"/>
						<SP ID="P6_SP00175" HPOS="2323" VPOS="493" WIDTH="38"/>
						<String ID="P6_ST00217" HPOS="2361" VPOS="458" WIDTH="192" HEIGHT="44" CONTENT="Roasting" WC="0.99" CC="30410002"/>
						<SP ID="P6_SP00176" HPOS="2553" VPOS="502" WIDTH="41"/>
						<String ID="P6_ST00218" HPOS="2594" VPOS="457" WIDTH="79" HEIGHT="38" CONTENT="and" WC="1.00" CC="000"/>
					</TextLine>
					<TextLine ID="P6_TL00043" HPOS="1907" VPOS="512" WIDTH="767" HEIGHT="50">
						<String ID="P6_ST00219" HPOS="1907" VPOS="512" WIDTH="186" HEIGHT="49" CONTENT="Broiling," WC="1.00" CC="000000420"/>
						<SP ID="P6_SP00177" HPOS="2093" VPOS="561" WIDTH="35"/>
						<String ID="P6_ST00220" HPOS="2128" VPOS="515" WIDTH="135" HEIGHT="38" CONTENT="Butter" WC="1.00" CC="050000"/>
						<SP ID="P6_SP00178" HPOS="2263" VPOS="561" WIDTH="35"/>
						<String ID="P6_ST00221" HPOS="2298" VPOS="513" WIDTH="227" HEIGHT="49" CONTENT="Sculpture," WC="0.99" CC="0025205003"/>
						<SP ID="P6_SP00179" HPOS="2524" VPOS="562" WIDTH="35"/>
						<String ID="P6_ST00222" HPOS="2559" VPOS="518" WIDTH="115" HEIGHT="36" CONTENT="Meat" WC="0.99" CC="4000"/>
					</TextLine>
					<TextLine ID="P6_TL00044" HPOS="1904" VPOS="570" WIDTH="770" HEIGHT="49">
						<String ID="P6_ST00223" HPOS="1904" VPOS="570" WIDTH="186" HEIGHT="46" CONTENT="Science," WC="1.00" CC="21004002"/>
						<SP ID="P6_SP00180" HPOS="2090" VPOS="616" WIDTH="33"/>
						<String ID="P6_ST00224" HPOS="2123" VPOS="570" WIDTH="150" HEIGHT="49" CONTENT="Baking" WC="0.99" CC="000007"/>
						<SP ID="P6_SP00181" HPOS="2272" VPOS="619" WIDTH="35"/>
						<String ID="P6_ST00225" HPOS="2307" VPOS="570" WIDTH="5" HEIGHT="49" CONTENT="I" WC="1.00" CC="0"/>
						<SP ID="P6_SP00182" HPOS="2312" VPOS="619" WIDTH="36"/>
						<String ID="P6_ST00226" HPOS="2348" VPOS="573" WIDTH="132" HEIGHT="44" CONTENT="(Basic" WC="0.99" CC="600000"/>
						<SP ID="P6_SP00183" HPOS="2480" VPOS="619" WIDTH="38"/>
						<String ID="P6_ST00227" HPOS="2518" VPOS="572" WIDTH="156" HEIGHT="47" CONTENT="Bread)," WC="0.99" CC="0000063"/>
					</TextLine>
					<TextLine ID="P6_TL00045" HPOS="1902" VPOS="628" WIDTH="769" HEIGHT="49">
						<String ID="P6_ST00228" HPOS="1902" VPOS="628" WIDTH="80" HEIGHT="39" CONTENT="and" WC="0.99" CC="200"/>
						<SP ID="P6_SP00184" HPOS="1983" VPOS="668" WIDTH="41"/>
						<String ID="P6_ST00229" HPOS="2024" VPOS="628" WIDTH="151" HEIGHT="47" CONTENT="Baking" WC="0.99" CC="006060"/>
						<SP ID="P6_SP00185" HPOS="2175" VPOS="676" WIDTH="39"/>
						<String ID="P6_ST00230" HPOS="2214" VPOS="631" WIDTH="24" HEIGHT="36" CONTENT="II" WC="0.99" CC="00"/>
						<SP ID="P6_SP00186" HPOS="2238" VPOS="676" WIDTH="44"/>
						<String ID="P6_ST00231" HPOS="2282" VPOS="631" WIDTH="134" HEIGHT="44" CONTENT="(Basic" WC="0.99" CC="600000"/>
						<SP ID="P6_SP00187" HPOS="2416" VPOS="676" WIDTH="43"/>
						<String ID="P6_ST00232" HPOS="2458" VPOS="633" WIDTH="213" HEIGHT="44" CONTENT="Desserts)." WC="1.00" CC="0000000470"/>
					</TextLine>
					<TextLine ID="P6_TL00046" HPOS="1902" VPOS="687" WIDTH="772" HEIGHT="49">
						<String ID="P6_ST00233" HPOS="1902" VPOS="687" WIDTH="126" HEIGHT="41" CONTENT="There" WC="1.00" CC="00000"/>
						<SP ID="P6_SP00188" HPOS="2028" VPOS="728" WIDTH="35"/>
						<String ID="P6_ST00234" HPOS="2063" VPOS="701" WIDTH="66" HEIGHT="27" CONTENT="are" WC="1.00" CC="000"/>
						<SP ID="P6_SP00189" HPOS="2129" VPOS="728" WIDTH="33"/>
						<String ID="P6_ST00235" HPOS="2162" VPOS="694" WIDTH="83" HEIGHT="33" CONTENT="two" WC="1.00" CC="000"/>
						<SP ID="P6_SP00190" HPOS="2246" VPOS="728" WIDTH="35"/>
						<String ID="P6_ST00236" HPOS="2280" VPOS="688" WIDTH="140" HEIGHT="47" CONTENT="places" WC="0.99" CC="041005"/>
						<SP ID="P6_SP00191" HPOS="2420" VPOS="735" WIDTH="35"/>
						<String ID="P6_ST00237" HPOS="2455" VPOS="687" WIDTH="38" HEIGHT="41" CONTENT="in’" WC="0.97" CC="008"/>
						<SP ID="P6_SP00192" HPOS="2493" VPOS="735" WIDTH="39"/>
						<String ID="P6_ST00238" HPOS="2532" VPOS="690" WIDTH="142" HEIGHT="39" CONTENT="Rhode" WC="0.99" CC="30300"/>
					</TextLine>
					<TextLine ID="P6_TL00047" HPOS="1906" VPOS="745" WIDTH="769" HEIGHT="52">
						<String ID="P6_ST00239" HPOS="1906" VPOS="745" WIDTH="131" HEIGHT="39" CONTENT="Island" WC="0.99" CC="400040"/>
						<SP ID="P6_SP00193" HPOS="2036" VPOS="784" WIDTH="36"/>
						<String ID="P6_ST00240" HPOS="2072" VPOS="745" WIDTH="71" HEIGHT="41" CONTENT="the" WC="1.00" CC="000"/>
						<SP ID="P6_SP00194" HPOS="2143" VPOS="786" WIDTH="39"/>
						<String ID="P6_ST00241" HPOS="2183" VPOS="746" WIDTH="159" HEIGHT="47" CONTENT="require" WC="1.00" CC="1000210" STYLEREFS="TXT_3"/>
						<SP ID="P6_SP00195" HPOS="2342" VPOS="794" WIDTH="39"/>
						<String ID="P6_ST00242" HPOS="2381" VPOS="746" WIDTH="118" HEIGHT="41" CONTENT="these" WC="1.00" CC="00030"/>
						<SP ID="P6_SP00196" HPOS="2499" VPOS="794" WIDTH="38"/>
						<String ID="P6_ST00243" HPOS="2537" VPOS="761" WIDTH="110" HEIGHT="36" CONTENT="sump" SUBS_TYPE="HypPart1" SUBS_CONTENT="sumptuous-sounding" WC="0.99" CC="0020"/>
						<HYP HPOS="2647" VPOS="761" WIDTH="27" CONTENT="-"/>
					</TextLine>
					<TextLine ID="P6_TL00048" HPOS="1901" VPOS="805" WIDTH="772" HEIGHT="47">
						<String ID="P6_ST00244" HPOS="1901" VPOS="805" WIDTH="389" HEIGHT="47" CONTENT="tuous-sounding" SUBS_TYPE="HypPart2" SUBS_CONTENT="sumptuous-sounding" WC="1.00" CC="21030000050060"/>
						<SP ID="P6_SP00197" HPOS="2290" VPOS="852" WIDTH="60"/>
						<String ID="P6_ST00245" HPOS="2350" VPOS="817" WIDTH="184" HEIGHT="27" CONTENT="courses" WC="0.99" CC="0263003"/>
						<SP ID="P6_SP00198" HPOS="2534" VPOS="852" WIDTH="11"/>
						<String ID="P6_ST00246" HPOS="2545" VPOS="806" WIDTH="128" HEIGHT="39" CONTENT="—the" WC="0.97" CC="8201"/>
					</TextLine>
					<TextLine ID="P6_TL00049" HPOS="1901" VPOS="861" WIDTH="772" HEIGHT="45">
						<String ID="P6_ST00247" HPOS="1901" VPOS="861" WIDTH="180" HEIGHT="44" CONTENT="Johnson" WC="0.99" CC="0005102"/>
						<SP ID="P6_SP00199" HPOS="2080" VPOS="906" WIDTH="58"/>
						<String ID="P6_ST00248" HPOS="2139" VPOS="863" WIDTH="80" HEIGHT="38" CONTENT="and" WC="1.00" CC="000"/>
						<SP ID="P6_SP00200" HPOS="2219" VPOS="906" WIDTH="54"/>
						<String ID="P6_ST00249" HPOS="2272" VPOS="863" WIDTH="137" HEIGHT="39" CONTENT="Wales" WC="1.00" CC="00000"/>
						<SP ID="P6_SP00201" HPOS="2409" VPOS="906" WIDTH="55"/>
						<String ID="P6_ST00250" HPOS="2465" VPOS="865" WIDTH="79" HEIGHT="38" CONTENT="and" WC="1.00" CC="000"/>
						<SP ID="P6_SP00202" HPOS="2543" VPOS="906" WIDTH="60"/>
						<String ID="P6_ST00251" HPOS="2603" VPOS="865" WIDTH="69" HEIGHT="38" CONTENT="the" WC="1.00" CC="000"/>
					</TextLine>
					<TextLine ID="P6_TL00050" HPOS="1902" VPOS="918" WIDTH="767" HEIGHT="52">
						<String ID="P6_ST00252" HPOS="1902" VPOS="918" WIDTH="143" HEIGHT="41" CONTENT="Rhode" WC="1.00" CC="00000"/>
						<SP ID="P6_SP00203" HPOS="2046" VPOS="959" WIDTH="36"/>
						<String ID="P6_ST00253" HPOS="2082" VPOS="920" WIDTH="129" HEIGHT="41" CONTENT="Island" WC="0.99" CC="202406"/>
						<SP ID="P6_SP00204" HPOS="2211" VPOS="961" WIDTH="39"/>
						<String ID="P6_ST00254" HPOS="2250" VPOS="920" WIDTH="150" HEIGHT="41" CONTENT="School" WC="0.99" CC="000600"/>
						<SP ID="P6_SP00205" HPOS="2400" VPOS="961" WIDTH="39"/>
						<String ID="P6_ST00255" HPOS="2439" VPOS="921" WIDTH="44" HEIGHT="39" CONTENT="of" WC="1.00" CC="00"/>
						<SP ID="P6_SP00206" HPOS="2483" VPOS="961" WIDTH="38"/>
						<String ID="P6_ST00256" HPOS="2521" VPOS="924" WIDTH="148" HEIGHT="46" CONTENT="Design" WC="1.00" CC="005000"/>
					</TextLine>
					<TextLine ID="P6_TL00051" HPOS="1899" VPOS="978" WIDTH="569" HEIGHT="49">
						<String ID="P6_ST00257" HPOS="1899" VPOS="978" WIDTH="169" HEIGHT="39" CONTENT="schools" WC="0.99" CC="5003000"/>
						<SP ID="P6_SP00207" HPOS="2068" VPOS="1017" WIDTH="28"/>
						<String ID="P6_ST00258" HPOS="2096" VPOS="980" WIDTH="44" HEIGHT="38" CONTENT="of" WC="0.64" CC="42"/>
						<SP ID="P6_SP00208" HPOS="2140" VPOS="1017" WIDTH="27"/>
						<String ID="P6_ST00259" HPOS="2167" VPOS="980" WIDTH="183" HEIGHT="47" CONTENT="culinary" WC="0.99" CC="04506004"/>
						<SP ID="P6_SP00209" HPOS="2350" VPOS="1027" WIDTH="27"/>
						<String ID="P6_ST00260" HPOS="2376" VPOS="987" WIDTH="91" HEIGHT="31" CONTENT="arts." WC="0.99" CC="40050"/>
					</TextLine>
					<TextLine ID="P6_TL00052" HPOS="1957" VPOS="1039" WIDTH="716" HEIGHT="46">
						<String ID="P6_ST00261" HPOS="1957" VPOS="1039" WIDTH="36" HEIGHT="36" CONTENT="In" WC="0.99" CC="00"/>
						<SP ID="P6_SP00210" HPOS="1994" VPOS="1076" WIDTH="39"/>
						<String ID="P6_ST00262" HPOS="2033" VPOS="1049" WIDTH="156" HEIGHT="27" CONTENT="answer" WC="0.99" CC="051000"/>
						<SP ID="P6_SP00211" HPOS="2189" VPOS="1076" WIDTH="36"/>
						<String ID="P6_ST00263" HPOS="2225" VPOS="1043" WIDTH="44" HEIGHT="33" CONTENT="to" WC="0.66" CC="60"/>
						<SP ID="P6_SP00212" HPOS="2269" VPOS="1076" WIDTH="38"/>
						<String ID="P6_ST00264" HPOS="2307" VPOS="1041" WIDTH="239" HEIGHT="44" CONTENT="everyone's" WC="0.99" CC="3200135045"/>
						<SP ID="P6_SP00213" HPOS="2546" VPOS="1085" WIDTH="39"/>
						<String ID="P6_ST00265" HPOS="2586" VPOS="1039" WIDTH="87" HEIGHT="39" CONTENT="first" WC="0.99" CC="22300"/>
					</TextLine>
					<TextLine ID="P6_TL00053" HPOS="1899" VPOS="1094" WIDTH="772" HEIGHT="51">
						<String ID="P6_ST00266" HPOS="1899" VPOS="1098" WIDTH="208" HEIGHT="46" CONTENT="question," WC="1.00" CC="000200053"/>
						<SP ID="P6_SP00214" HPOS="2107" VPOS="1143" WIDTH="14"/>
						<String ID="P6_ST00267" HPOS="2121" VPOS="1109" WIDTH="22" HEIGHT="27" CONTENT="a" WC="1.00" CC="0"/>
						<SP ID="P6_SP00215" HPOS="2143" VPOS="1143" WIDTH="19"/>
						<String ID="P6_ST00268" HPOS="2162" VPOS="1094" WIDTH="145" HEIGHT="41" CONTENT="school" WC="1.00" CC="100004"/>
						<SP ID="P6_SP00216" HPOS="2307" VPOS="1143" WIDTH="20"/>
						<String ID="P6_ST00269" HPOS="2328" VPOS="1096" WIDTH="46" HEIGHT="39" CONTENT="of" WC="0.84" CC="30"/>
						<SP ID="P6_SP00217" HPOS="2373" VPOS="1143" WIDTH="19"/>
						<String ID="P6_ST00270" HPOS="2392" VPOS="1096" WIDTH="183" HEIGHT="49" CONTENT="culinary" WC="1.00" CC="05400000"/>
						<SP ID="P6_SP00218" HPOS="2575" VPOS="1145" WIDTH="17"/>
						<String ID="P6_ST00271" HPOS="2592" VPOS="1104" WIDTH="79" HEIGHT="31" CONTENT="arts" WC="0.99" CC="0400"/>
					</TextLine>
					<TextLine ID="P6_TL00054" HPOS="1901" VPOS="1153" WIDTH="772" HEIGHT="43">
						<String ID="P6_ST00272" HPOS="1901" VPOS="1156" WIDTH="30" HEIGHT="36" CONTENT="is" WC="0.92" CC="01"/>
						<SP ID="P6_SP00219" HPOS="1931" VPOS="1192" WIDTH="30"/>
						<String ID="P6_ST00273" HPOS="1961" VPOS="1167" WIDTH="25" HEIGHT="25" CONTENT="a" WC="1.00" CC="0"/>
						<SP ID="P6_SP00220" HPOS="1986" VPOS="1192" WIDTH="28"/>
						<String ID="P6_ST00274" HPOS="2014" VPOS="1153" WIDTH="145" HEIGHT="39" CONTENT="school" WC="1.00" CC="000003"/>
						<SP ID="P6_SP00221" HPOS="2159" VPOS="1192" WIDTH="33"/>
						<String ID="P6_ST00275" HPOS="2192" VPOS="1162" WIDTH="44" HEIGHT="31" CONTENT="to" WC="0.96" CC="00"/>
						<SP ID="P6_SP00222" HPOS="2236" VPOS="1194" WIDTH="30"/>
						<String ID="P6_ST00276" HPOS="2266" VPOS="1157" WIDTH="101" HEIGHT="36" CONTENT="train" WC="1.00" CC="30000"/>
						<SP ID="P6_SP00223" HPOS="2367" VPOS="1194" WIDTH="36"/>
						<String ID="P6_ST00277" HPOS="2403" VPOS="1154" WIDTH="129" HEIGHT="39" CONTENT="chefs." WC="1.00" CC="000020"/>
						<SP ID="P6_SP00224" HPOS="2532" VPOS="1194" WIDTH="36"/>
						<String ID="P6_ST00278" HPOS="2569" VPOS="1157" WIDTH="79" HEIGHT="38" CONTENT="Con" SUBS_TYPE="HypPart1" SUBS_CONTENT="Considering" WC="1.00" CC="000"/>
						<HYP HPOS="2647" VPOS="1157" WIDTH="25" CONTENT="-"/>
					</TextLine>
					<TextLine ID="P6_TL00055" HPOS="1899" VPOS="1213" WIDTH="772" HEIGHT="47">
						<String ID="P6_ST00279" HPOS="1899" VPOS="1213" WIDTH="176" HEIGHT="47" CONTENT="sidering" SUBS_TYPE="HypPart2" SUBS_CONTENT="Considering" WC="0.99" CC="50001009"/>
						<SP ID="P6_SP00225" HPOS="2076" VPOS="1260" WIDTH="41"/>
						<String ID="P6_ST00280" HPOS="2117" VPOS="1213" WIDTH="117" HEIGHT="39" CONTENT="there" WC="1.00" CC="00000"/>
						<SP ID="P6_SP00226" HPOS="2233" VPOS="1260" WIDTH="43"/>
						<String ID="P6_ST00281" HPOS="2276" VPOS="1225" WIDTH="66" HEIGHT="27" CONTENT="are" WC="0.99" CC="002"/>
						<SP ID="P6_SP00227" HPOS="2342" VPOS="1260" WIDTH="46"/>
						<String ID="P6_ST00282" HPOS="2387" VPOS="1214" WIDTH="76" HEIGHT="38" CONTENT="less" WC="1.00" CC="0000"/>
						<SP ID="P6_SP00228" HPOS="2463" VPOS="1260" WIDTH="43"/>
						<String ID="P6_ST00283" HPOS="2506" VPOS="1214" WIDTH="98" HEIGHT="39" CONTENT="than" WC="0.98" CC="0025"/>
						<SP ID="P6_SP00229" HPOS="2603" VPOS="1260" WIDTH="46"/>
						<String ID="P6_ST00284" HPOS="2649" VPOS="1228" WIDTH="22" HEIGHT="25" CONTENT="a" WC="1.00" CC="0"/>
					</TextLine>
					<TextLine ID="P6_TL00056" HPOS="1899" VPOS="1271" WIDTH="772" HEIGHT="47">
						<String ID="P6_ST00285" HPOS="1899" VPOS="1271" WIDTH="135" HEIGHT="39" CONTENT="dozen" WC="1.00" CC="00400"/>
						<SP ID="P6_SP00230" HPOS="2035" VPOS="1310" WIDTH="46"/>
						<String ID="P6_ST00286" HPOS="2080" VPOS="1271" WIDTH="183" HEIGHT="47" CONTENT="dulinary" WC="0.55" CC="75606540"/>
						<SP ID="P6_SP00231" HPOS="2263" VPOS="1318" WIDTH="43"/>
						<String ID="P6_ST00287" HPOS="2306" VPOS="1271" WIDTH="167" HEIGHT="39" CONTENT="schools" WC="1.00" CC="0201010"/>
						<SP ID="P6_SP00232" HPOS="2472" VPOS="1318" WIDTH="44"/>
						<String ID="P6_ST00288" HPOS="2517" VPOS="1276" WIDTH="35" HEIGHT="35" CONTENT="in" WC="0.39" CC="75"/>
						<SP ID="P6_SP00233" HPOS="2551" VPOS="1318" WIDTH="49"/>
						<String ID="P6_ST00289" HPOS="2600" VPOS="1272" WIDTH="71" HEIGHT="39" CONTENT="the" WC="1.00" CC="000"/>
					</TextLine>
					<TextLine ID="P6_TL00057" HPOS="1899" VPOS="1329" WIDTH="772" HEIGHT="49">
						<String ID="P6_ST00290" HPOS="1899" VPOS="1335" WIDTH="186" HEIGHT="43" CONTENT="country," WC="1.00" CC="00310000"/>
						<SP ID="P6_SP00234" HPOS="2085" VPOS="1378" WIDTH="43"/>
						<String ID="P6_ST00291" HPOS="2128" VPOS="1329" WIDTH="148" HEIGHT="49" CONTENT="having" WC="0.99" CC="000007"/>
						<SP ID="P6_SP00235" HPOS="2276" VPOS="1378" WIDTH="43"/>
						<String ID="P6_ST00292" HPOS="2318" VPOS="1335" WIDTH="83" HEIGHT="35" CONTENT="two" WC="1.00" CC="000"/>
						<SP ID="P6_SP00236" HPOS="2402" VPOS="1378" WIDTH="44"/>
						<String ID="P6_ST00293" HPOS="2446" VPOS="1334" WIDTH="35" HEIGHT="35" CONTENT="in" WC="1.00" CC="00"/>
						<SP ID="P6_SP00237" HPOS="2480" VPOS="1378" WIDTH="47"/>
						<String ID="P6_ST00294" HPOS="2528" VPOS="1331" WIDTH="143" HEIGHT="39" CONTENT="Rhode" WC="1.00" CC="00000"/>
					</TextLine>
					<TextLine ID="P6_TL00058" HPOS="1902" VPOS="1387" WIDTH="769" HEIGHT="49">
						<String ID="P6_ST00295" HPOS="1902" VPOS="1387" WIDTH="129" HEIGHT="38" CONTENT="Island" WC="0.99" CC="004110"/>
						<SP ID="P6_SP00238" HPOS="2031" VPOS="1425" WIDTH="19"/>
						<String ID="P6_ST00296" HPOS="2050" VPOS="1387" WIDTH="96" HEIGHT="39" CONTENT="with" WC="1.00" CC="0000"/>
						<SP ID="P6_SP00239" HPOS="2146" VPOS="1427" WIDTH="22"/>
						<String ID="P6_ST00297" HPOS="2169" VPOS="1400" WIDTH="22" HEIGHT="27" CONTENT="a" WC="1.00" CC="0"/>
						<SP ID="P6_SP00240" HPOS="2191" VPOS="1427" WIDTH="19"/>
						<String ID="P6_ST00298" HPOS="2209" VPOS="1387" WIDTH="124" HEIGHT="49" CONTENT="grand" WC="0.99" CC="00400"/>
						<SP ID="P6_SP00241" HPOS="2334" VPOS="1436" WIDTH="19"/>
						<String ID="P6_ST00299" HPOS="2353" VPOS="1387" WIDTH="102" HEIGHT="41" CONTENT="total" WC="0.98" CC="01534"/>
						<SP ID="P6_SP00242" HPOS="2455" VPOS="1436" WIDTH="19"/>
						<String ID="P6_ST00300" HPOS="2474" VPOS="1387" WIDTH="46" HEIGHT="41" CONTENT="of" WC="0.79" CC="40"/>
						<SP ID="P6_SP00243" HPOS="2520" VPOS="1436" WIDTH="22"/>
						<String ID="P6_ST00301" HPOS="2542" VPOS="1389" WIDTH="129" HEIGHT="41" CONTENT="about" WC="1.00" CC="00000"/>
					</TextLine>
					<TextLine ID="P6_TL00059" HPOS="1898" VPOS="1447" WIDTH="773" HEIGHT="49">
						<String ID="P6_ST00302" HPOS="1898" VPOS="1449" WIDTH="77" HEIGHT="35" CONTENT="950" WC="0.90" CC="300"/>
						<SP ID="P6_SP00244" HPOS="1975" VPOS="1483" WIDTH="27"/>
						<String ID="P6_ST00303" HPOS="2002" VPOS="1447" WIDTH="187" HEIGHT="38" CONTENT="students" WC="1.00" CC="00000503"/>
						<SP ID="P6_SP00245" HPOS="2189" VPOS="1485" WIDTH="31"/>
						<String ID="P6_ST00304" HPOS="2220" VPOS="1447" WIDTH="181" HEIGHT="47" CONTENT="learning" WC="0.99" CC="32000760"/>
						<SP ID="P6_SP00246" HPOS="2402" VPOS="1494" WIDTH="27"/>
						<String ID="P6_ST00305" HPOS="2428" VPOS="1447" WIDTH="134" HEIGHT="49" CONTENT="things" WC="1.00" CC="000000"/>
						<SP ID="P6_SP00247" HPOS="2562" VPOS="1496" WIDTH="31"/>
						<String ID="P6_ST00306" HPOS="2594" VPOS="1449" WIDTH="77" HEIGHT="38" CONTENT="like" WC="1.00" CC="0000"/>
					</TextLine>
					<TextLine ID="P6_TL00060" HPOS="1901" VPOS="1506" WIDTH="770" HEIGHT="49">
						<String ID="P6_ST00307" HPOS="1901" VPOS="1506" WIDTH="290" HEIGHT="39" CONTENT="Intermediate" WC="1.00" CC="040000000600"/>
						<SP ID="P6_SP00248" HPOS="2191" VPOS="1545" WIDTH="19"/>
						<String ID="P6_ST00308" HPOS="2209" VPOS="1507" WIDTH="219" HEIGHT="46" CONTENT="Banquets," WC="1.00" CC="200230000"/>
						<SP ID="P6_SP00249" HPOS="2428" VPOS="1553" WIDTH="19"/>
						<String ID="P6_ST00309" HPOS="2447" VPOS="1510" WIDTH="30" HEIGHT="35" CONTENT="is" WC="0.86" CC="02"/>
						<SP ID="P6_SP00250" HPOS="2477" VPOS="1553" WIDTH="19"/>
						<String ID="P6_ST00310" HPOS="2496" VPOS="1518" WIDTH="22" HEIGHT="27" CONTENT="a" WC="1.00" CC="0"/>
						<SP ID="P6_SP00251" HPOS="2518" VPOS="1553" WIDTH="20"/>
						<String ID="P6_ST00311" HPOS="2539" VPOS="1513" WIDTH="132" HEIGHT="41" CONTENT="pretty" WC="1.00" CC="000000"/>
					</TextLine>
					<TextLine ID="P6_TL00061" HPOS="1898" VPOS="1562" WIDTH="294" HEIGHT="49">
						<String ID="P6_ST00312" HPOS="1898" VPOS="1562" WIDTH="110" HEIGHT="49" CONTENT="good" WC="1.00" CC="0020"/>
						<SP ID="P6_SP00252" HPOS="2008" VPOS="1611" WIDTH="30"/>
						<String ID="P6_ST00313" HPOS="2038" VPOS="1562" WIDTH="154" HEIGHT="41" CONTENT="record." WC="1.00" CC="0000200"/>
					</TextLine>
					<TextLine ID="P6_TL00062" HPOS="1951" VPOS="1622" WIDTH="720" HEIGHT="49">
						<String ID="P6_ST00314" HPOS="1951" VPOS="1624" WIDTH="30" HEIGHT="35" CONTENT="A" WC="1.00" CC="0"/>
						<SP ID="P6_SP00253" HPOS="1981" VPOS="1658" WIDTH="20"/>
						<String ID="P6_ST00315" HPOS="2002" VPOS="1622" WIDTH="79" HEIGHT="38" CONTENT="few" WC="0.98" CC="500"/>
						<SP ID="P6_SP00254" HPOS="2080" VPOS="1660" WIDTH="19"/>
						<String ID="P6_ST00316" HPOS="2099" VPOS="1624" WIDTH="98" HEIGHT="46" CONTENT="days" WC="0.99" CC="0202"/>
						<SP ID="P6_SP00255" HPOS="2197" VPOS="1669" WIDTH="19"/>
						<String ID="P6_ST00317" HPOS="2216" VPOS="1624" WIDTH="238" HEIGHT="47" CONTENT="wandering" WC="0.99" CC="000064009"/>
						<SP ID="P6_SP00256" HPOS="2454" VPOS="1671" WIDTH="19"/>
						<String ID="P6_ST00318" HPOS="2472" VPOS="1624" WIDTH="198" HEIGHT="47" CONTENT="throught" WC="0.94" CC="00103000"/>
					</TextLine>
					<TextLine ID="P6_TL00063" HPOS="1896" VPOS="1679" WIDTH="773" HEIGHT="46">
						<String ID="P6_ST00319" HPOS="1896" VPOS="1679" WIDTH="72" HEIGHT="39" CONTENT="the" WC="1.00" CC="100"/>
						<SP ID="P6_SP00257" HPOS="1969" VPOS="1718" WIDTH="20"/>
						<String ID="P6_ST00320" HPOS="1989" VPOS="1679" WIDTH="180" HEIGHT="46" CONTENT="Johnson" WC="1.00" CC="0400002"/>
						<SP ID="P6_SP00258" HPOS="2169" VPOS="1724" WIDTH="25"/>
						<String ID="P6_ST00321" HPOS="2194" VPOS="1680" WIDTH="79" HEIGHT="39" CONTENT="and" WC="0.98" CC="410"/>
						<SP ID="P6_SP00259" HPOS="2272" VPOS="1724" WIDTH="25"/>
						<String ID="P6_ST00322" HPOS="2298" VPOS="1682" WIDTH="134" HEIGHT="38" CONTENT="Wales" WC="0.98" CC="20044"/>
						<SP ID="P6_SP00260" HPOS="2431" VPOS="1724" WIDTH="24"/>
						<String ID="P6_ST00323" HPOS="2455" VPOS="1682" WIDTH="79" HEIGHT="38" CONTENT="and" WC="1.00" CC="000"/>
						<SP ID="P6_SP00261" HPOS="2534" VPOS="1724" WIDTH="25"/>
						<String ID="P6_ST00324" HPOS="2559" VPOS="1683" WIDTH="110" HEIGHT="38" CONTENT="RISD" WC="0.71" CC="6050"/>
					</TextLine>
					<TextLine ID="P6_TL00064" HPOS="1899" VPOS="1739" WIDTH="769" HEIGHT="49">
						<String ID="P6_ST00325" HPOS="1899" VPOS="1739" WIDTH="181" HEIGHT="49" CONTENT="culinary" WC="1.00" CC="02710000"/>
						<SP ID="P6_SP00262" HPOS="2080" VPOS="1787" WIDTH="24"/>
						<String ID="P6_ST00326" HPOS="2104" VPOS="1739" WIDTH="169" HEIGHT="41" CONTENT="schools" WC="0.99" CC="5200005"/>
						<SP ID="P6_SP00263" HPOS="2272" VPOS="1787" WIDTH="24"/>
						<String ID="P6_ST00327" HPOS="2296" VPOS="1753" WIDTH="107" HEIGHT="27" CONTENT="were" WC="0.98" CC="0900"/>
						<SP ID="P6_SP00264" HPOS="2403" VPOS="1787" WIDTH="25"/>
						<String ID="P6_ST00328" HPOS="2428" VPOS="1740" WIDTH="167" HEIGHT="47" CONTENT="enough" WC="1.00" CC="030000"/>
						<SP ID="P6_SP00265" HPOS="2595" VPOS="1787" WIDTH="30"/>
						<String ID="P6_ST00329" HPOS="2625" VPOS="1748" WIDTH="43" HEIGHT="31" CONTENT="to" WC="1.00" CC="00"/>
					</TextLine>
					<TextLine ID="P6_TL00065" HPOS="1898" VPOS="1797" WIDTH="769" HEIGHT="49">
						<String ID="P6_ST00330" HPOS="1898" VPOS="1797" WIDTH="162" HEIGHT="47" CONTENT="change" WC="0.99" CC="100270"/>
						<SP ID="P6_SP00266" HPOS="2060" VPOS="1844" WIDTH="16"/>
						<String ID="P6_ST00331" HPOS="2076" VPOS="1811" WIDTH="123" HEIGHT="35" CONTENT="many" WC="0.99" CC="0050"/>
						<SP ID="P6_SP00267" HPOS="2198" VPOS="1846" WIDTH="14"/>
						<String ID="P6_ST00332" HPOS="2213" VPOS="1797" WIDTH="46" HEIGHT="39" CONTENT="of" WC="0.66" CC="06"/>
						<SP ID="P6_SP00268" HPOS="2258" VPOS="1846" WIDTH="19"/>
						<String ID="P6_ST00333" HPOS="2277" VPOS="1811" WIDTH="65" HEIGHT="35" CONTENT="my" WC="1.00" CC="00"/>
						<SP ID="P6_SP00269" HPOS="2342" VPOS="1846" WIDTH="22"/>
						<String ID="P6_ST00334" HPOS="2364" VPOS="1800" WIDTH="302" HEIGHT="46" CONTENT="preconceived" WC="1.00" CC="300046302000"/>
					</TextLine>
					<TextLine ID="P6_TL00066" HPOS="1899" VPOS="1857" WIDTH="766" HEIGHT="49">
						<String ID="P6_ST00335" HPOS="1899" VPOS="1858" WIDTH="164" HEIGHT="36" CONTENT="notions" WC="1.00" CC="0000003"/>
						<SP ID="P6_SP00270" HPOS="2063" VPOS="1894" WIDTH="38"/>
						<String ID="P6_ST00336" HPOS="2101" VPOS="1857" WIDTH="129" HEIGHT="38" CONTENT="about" WC="0.99" CC="13020"/>
						<SP ID="P6_SP00271" HPOS="2230" VPOS="1894" WIDTH="38"/>
						<String ID="P6_ST00337" HPOS="2268" VPOS="1857" WIDTH="178" HEIGHT="49" CONTENT="cooking" WC="0.98" CC="0030468"/>
						<SP ID="P6_SP00272" HPOS="2446" VPOS="1906" WIDTH="39"/>
						<String ID="P6_ST00338" HPOS="2485" VPOS="1858" WIDTH="180" HEIGHT="39" CONTENT="schools." WC="0.99" CC="41200530"/>
					</TextLine>
					<TextLine ID="P6_TL00067" HPOS="1899" VPOS="1915" WIDTH="770" HEIGHT="48">
						<String ID="P6_ST00339" HPOS="1899" VPOS="1918" WIDTH="79" HEIGHT="35" CONTENT="Not" WC="0.97" CC="502"/>
						<SP ID="P6_SP00273" HPOS="1978" VPOS="1953" WIDTH="46"/>
						<String ID="P6_ST00340" HPOS="2024" VPOS="1915" WIDTH="98" HEIGHT="47" CONTENT="only" WC="0.98" CC="0440"/>
						<SP ID="P6_SP00274" HPOS="2121" VPOS="1962" WIDTH="47"/>
						<String ID="P6_ST00341" HPOS="2169" VPOS="1928" WIDTH="69" HEIGHT="25" CONTENT="are" WC="0.99" CC="010"/>
						<SP ID="P6_SP00275" HPOS="2238" VPOS="1962" WIDTH="46"/>
						<String ID="P6_ST00342" HPOS="2283" VPOS="1915" WIDTH="117" HEIGHT="39" CONTENT="there" WC="0.99" CC="00500"/>
						<SP ID="P6_SP00276" HPOS="2400" VPOS="1962" WIDTH="46"/>
						<String ID="P6_ST00343" HPOS="2446" VPOS="1928" WIDTH="96" HEIGHT="35" CONTENT="very" WC="0.99" CC="0030"/>
						<SP ID="P6_SP00277" HPOS="2542" VPOS="1962" WIDTH="47"/>
						<String ID="P6_ST00344" HPOS="2589" VPOS="1917" WIDTH="80" HEIGHT="44" CONTENT="few" WC="0.97" CC="700"/>
					</TextLine>
					<TextLine ID="P6_TL00068" HPOS="1896" VPOS="1972" WIDTH="772" HEIGHT="50">
						<String ID="P6_ST00345" HPOS="1896" VPOS="1972" WIDTH="252" HEIGHT="49" CONTENT="overweight" WC="1.00" CC="1003000000"/>
						<SP ID="P6_SP00278" HPOS="2148" VPOS="2020" WIDTH="61"/>
						<String ID="P6_ST00346" HPOS="2209" VPOS="1973" WIDTH="164" HEIGHT="49" CONTENT="people," WC="1.00" CC="0000700"/>
						<SP ID="P6_SP00279" HPOS="2373" VPOS="2022" WIDTH="60"/>
						<String ID="P6_ST00347" HPOS="2433" VPOS="1973" WIDTH="72" HEIGHT="39" CONTENT="but" WC="0.98" CC="040"/>
						<SP ID="P6_SP00280" HPOS="2506" VPOS="2022" WIDTH="63"/>
						<String ID="P6_ST00348" HPOS="2569" VPOS="1975" WIDTH="99" HEIGHT="44" CONTENT="Julia" WC="0.98" CC="46700"/>
					</TextLine>
					<TextLine ID="P6_TL00069" HPOS="1896" VPOS="2031" WIDTH="771" HEIGHT="41">
						<String ID="P6_ST00349" HPOS="1896" VPOS="2031" WIDTH="150" HEIGHT="38" CONTENT="Child's" WC="1.00" CC="4002000"/>
						<SP ID="P6_SP00281" HPOS="2046" VPOS="2069" WIDTH="38"/>
						<String ID="P6_ST00350" HPOS="2083" VPOS="2044" WIDTH="123" HEIGHT="27" CONTENT="name" WC="0.98" CC="0307"/>
						<SP ID="P6_SP00282" HPOS="2206" VPOS="2071" WIDTH="35"/>
						<String ID="P6_ST00351" HPOS="2241" VPOS="2035" WIDTH="145" HEIGHT="36" CONTENT="wasn't" WC="1.00" CC="000000"/>
						<SP ID="P6_SP00283" HPOS="2386" VPOS="2071" WIDTH="38"/>
						<String ID="P6_ST00352" HPOS="2424" VPOS="2033" WIDTH="243" HEIGHT="39" CONTENT="mentioned" WC="0.99" CC="007050400"/>
					</TextLine>
					<TextLine ID="P6_TL00070" HPOS="1896" VPOS="2091" WIDTH="772" HEIGHT="48">
						<String ID="P6_ST00353" HPOS="1896" VPOS="2101" WIDTH="120" HEIGHT="27" CONTENT="once." WC="1.00" CC="01000"/>
						<SP ID="P6_SP00284" HPOS="2016" VPOS="2128" WIDTH="22"/>
						<String ID="P6_ST00354" HPOS="2038" VPOS="2091" WIDTH="88" HEIGHT="38" CONTENT="And" WC="0.97" CC="260"/>
						<SP ID="P6_SP00285" HPOS="2126" VPOS="2129" WIDTH="22"/>
						<String ID="P6_ST00355" HPOS="2148" VPOS="2091" WIDTH="197" HEIGHT="46" CONTENT="although" WC="0.99" CC="03703200"/>
						<SP ID="P6_SP00286" HPOS="2345" VPOS="2137" WIDTH="25"/>
						<String ID="P6_ST00356" HPOS="2370" VPOS="2104" WIDTH="123" HEIGHT="35" CONTENT="many" WC="0.99" CC="0030"/>
						<SP ID="P6_SP00287" HPOS="2493" VPOS="2139" WIDTH="24"/>
						<String ID="P6_ST00357" HPOS="2517" VPOS="2093" WIDTH="151" HEIGHT="46" CONTENT="people" WC="0.99" CC="002040"/>
					</TextLine>
					<TextLine ID="P6_TL00071" HPOS="1896" VPOS="2148" WIDTH="767" HEIGHT="49">
						<String ID="P6_ST00358" HPOS="1896" VPOS="2148" WIDTH="85" HEIGHT="39" CONTENT="find" WC="0.99" CC="0050"/>
						<SP ID="P6_SP00288" HPOS="1981" VPOS="2187" WIDTH="20"/>
						<String ID="P6_ST00359" HPOS="2002" VPOS="2148" WIDTH="71" HEIGHT="39" CONTENT="the" WC="1.00" CC="000"/>
						<SP ID="P6_SP00289" HPOS="2072" VPOS="2187" WIDTH="20"/>
						<String ID="P6_ST00360" HPOS="2093" VPOS="2148" WIDTH="93" HEIGHT="39" CONTENT="idea" WC="1.00" CC="0000"/>
						<SP ID="P6_SP00290" HPOS="2186" VPOS="2187" WIDTH="20"/>
						<String ID="P6_ST00361" HPOS="2206" VPOS="2148" WIDTH="44" HEIGHT="39" CONTENT="of" WC="0.80" CC="03"/>
						<SP ID="P6_SP00291" HPOS="2250" VPOS="2187" WIDTH="22"/>
						<String ID="P6_ST00362" HPOS="2272" VPOS="2162" WIDTH="22" HEIGHT="25" CONTENT="a" WC="1.00" CC="0"/>
						<SP ID="P6_SP00292" HPOS="2294" VPOS="2187" WIDTH="22"/>
						<String ID="P6_ST00363" HPOS="2317" VPOS="2150" WIDTH="183" HEIGHT="47" CONTENT="culinary" WC="1.00" CC="06300000"/>
						<SP ID="P6_SP00293" HPOS="2499" VPOS="2197" WIDTH="19"/>
						<String ID="P6_ST00364" HPOS="2518" VPOS="2150" WIDTH="145" HEIGHT="39" CONTENT="school" WC="0.99" CC="700003"/>
					</TextLine>
					<TextLine ID="P6_TL00072" HPOS="1896" VPOS="2206" WIDTH="770" HEIGHT="51">
						<String ID="P6_ST00365" HPOS="1896" VPOS="2209" WIDTH="113" HEIGHT="46" CONTENT="quite" WC="1.00" CC="00000"/>
						<SP ID="P6_SP00294" HPOS="2009" VPOS="2255" WIDTH="36"/>
						<String ID="P6_ST00366" HPOS="2046" VPOS="2211" WIDTH="202" HEIGHT="46" CONTENT="amusing," WC="0.98" CC="00353673"/>
						<SP ID="P6_SP00295" HPOS="2247" VPOS="2257" WIDTH="39"/>
						<String ID="P6_ST00367" HPOS="2287" VPOS="2206" WIDTH="115" HEIGHT="43" CONTENT="there" WC="1.00" CC="00210"/>
						<SP ID="P6_SP00296" HPOS="2402" VPOS="2257" WIDTH="39"/>
						<String ID="P6_ST00368" HPOS="2441" VPOS="2222" WIDTH="66" HEIGHT="27" CONTENT="are" WC="0.97" CC="620"/>
						<SP ID="P6_SP00297" HPOS="2507" VPOS="2257" WIDTH="39"/>
						<String ID="P6_ST00369" HPOS="2546" VPOS="2208" WIDTH="120" HEIGHT="41" CONTENT="those" WC="0.99" CC="00040"/>
					</TextLine>
					<TextLine ID="P6_TL00073" HPOS="1894" VPOS="2266" WIDTH="771" HEIGHT="49">
						<String ID="P6_ST00370" HPOS="1894" VPOS="2266" WIDTH="200" HEIGHT="41" CONTENT="devotees" WC="1.00" CC="00000004"/>
						<SP ID="P6_SP00298" HPOS="2094" VPOS="2307" WIDTH="22"/>
						<String ID="P6_ST00371" HPOS="2117" VPOS="2266" WIDTH="94" HEIGHT="39" CONTENT="who" WC="1.00" CC="000"/>
						<SP ID="P6_SP00299" HPOS="2211" VPOS="2307" WIDTH="20"/>
						<String ID="P6_ST00372" HPOS="2231" VPOS="2266" WIDTH="94" HEIGHT="41" CONTENT="take" WC="1.00" CC="0000"/>
						<SP ID="P6_SP00300" HPOS="2326" VPOS="2307" WIDTH="25"/>
						<String ID="P6_ST00373" HPOS="2351" VPOS="2276" WIDTH="189" HEIGHT="39" CONTENT="gourmet" WC="0.99" CC="4060000"/>
						<SP ID="P6_SP00301" HPOS="2540" VPOS="2315" WIDTH="24"/>
						<String ID="P6_ST00374" HPOS="2564" VPOS="2268" WIDTH="101" HEIGHT="41" CONTENT="food" WC="1.00" CC="0100"/>
					</TextLine>
					<TextLine ID="P6_TL00074" HPOS="1894" VPOS="2326" WIDTH="332" HEIGHT="47">
						<String ID="P6_ST00375" HPOS="1894" VPOS="2337" WIDTH="94" HEIGHT="35" CONTENT="very" WC="1.00" CC="0000"/>
						<SP ID="P6_SP00302" HPOS="1989" VPOS="2372" WIDTH="28"/>
						<String ID="P6_ST00376" HPOS="2017" VPOS="2326" WIDTH="209" HEIGHT="47" CONTENT="seriously." WC="1.00" CC="3000050000"/>
					</TextLine>
					<TextLine ID="P6_TL00075" HPOS="1950" VPOS="2383" WIDTH="715" HEIGHT="46">
						<String ID="P6_ST00377" HPOS="1950" VPOS="2383" WIDTH="178" HEIGHT="46" CONTENT="Johnson" WC="1.00" CC="4000002"/>
						<SP ID="P6_SP00303" HPOS="2128" VPOS="2428" WIDTH="24"/>
						<String ID="P6_ST00378" HPOS="2151" VPOS="2384" WIDTH="82" HEIGHT="39" CONTENT="and" WC="0.98" CC="060"/>
						<SP ID="P6_SP00304" HPOS="2233" VPOS="2428" WIDTH="22"/>
						<String ID="P6_ST00379" HPOS="2255" VPOS="2384" WIDTH="135" HEIGHT="39" CONTENT="Wales" WC="0.99" CC="00402"/>
						<SP ID="P6_SP00305" HPOS="2391" VPOS="2428" WIDTH="20"/>
						<String ID="P6_ST00380" HPOS="2411" VPOS="2386" WIDTH="254" HEIGHT="38" CONTENT="established" WC="1.00" CC="01000500000"/>
					</TextLine>
					<TextLine ID="P6_TL00076" HPOS="1894" VPOS="2441" WIDTH="522" HEIGHT="51">
						<String ID="P6_ST00381" HPOS="1894" VPOS="2441" WIDTH="104" HEIGHT="41" CONTENT="their" WC="1.00" CC="00000"/>
						<SP ID="P6_SP00306" HPOS="1998" VPOS="2482" WIDTH="14"/>
						<String ID="P6_ST00382" HPOS="2013" VPOS="2443" WIDTH="183" HEIGHT="49" CONTENT="culinary" WC="1.00" CC="01006100"/>
						<SP ID="P6_SP00307" HPOS="2195" VPOS="2491" WIDTH="16"/>
						<String ID="P6_ST00383" HPOS="2211" VPOS="2443" WIDTH="145" HEIGHT="39" CONTENT="school" WC="0.99" CC="000006"/>
						<SP ID="P6_SP00308" HPOS="2356" VPOS="2491" WIDTH="24"/>
						<String ID="P6_ST00384" HPOS="2380" VPOS="2446" WIDTH="36" HEIGHT="36" CONTENT="in" WC="0.69" CC="06"/>
						<SP ID="P6_SP00309" HPOS="2416" VPOS="2491" WIDTH="0"/>
					</TextLine>
					<TextLine ID="P6_TL00077" HPOS="1896" VPOS="2501" WIDTH="772" HEIGHT="51">
						<String ID="P6_ST00385" HPOS="1896" VPOS="2513" WIDTH="24" HEIGHT="27" CONTENT="a" WC="0.34" CC="6"/>
						<SP ID="P6_SP00310" HPOS="1920" VPOS="2540" WIDTH="16"/>
						<String ID="P6_ST00386" HPOS="1935" VPOS="2501" WIDTH="106" HEIGHT="39" CONTENT="class" WC="0.98" CC="55013"/>
						<SP ID="P6_SP00311" HPOS="2041" VPOS="2540" WIDTH="22"/>
						<String ID="P6_ST00387" HPOS="2063" VPOS="2501" WIDTH="44" HEIGHT="39" CONTENT="of" WC="1.00" CC="00"/>
						<SP ID="P6_SP00312" HPOS="2107" VPOS="2540" WIDTH="25"/>
						<String ID="P6_ST00388" HPOS="2132" VPOS="2504" WIDTH="69" HEIGHT="36" CONTENT="141" WC="0.68" CC="206"/>
						<SP ID="P6_SP00313" HPOS="2202" VPOS="2540" WIDTH="25"/>
						<String ID="P6_ST00389" HPOS="2227" VPOS="2501" WIDTH="200" HEIGHT="41" CONTENT="students." WC="1.00" CC="070000200"/>
						<SP ID="P6_SP00314" HPOS="2427" VPOS="2542" WIDTH="25"/>
						<String ID="P6_ST00390" HPOS="2452" VPOS="2504" WIDTH="87" HEIGHT="41" CONTENT="This" WC="0.97" CC="4035"/>
						<SP ID="P6_SP00315" HPOS="2539" VPOS="2545" WIDTH="20"/>
						<String ID="P6_ST00391" HPOS="2559" VPOS="2517" WIDTH="109" HEIGHT="35" CONTENT="year," WC="0.99" CC="00304"/>
					</TextLine>
					<TextLine ID="P6_TL00078" HPOS="1894" VPOS="2559" WIDTH="770" HEIGHT="50">
						<String ID="P6_ST00392" HPOS="1894" VPOS="2559" WIDTH="110" HEIGHT="39" CONTENT="there" WC="0.97" CC="30086"/>
						<SP ID="P6_SP00316" HPOS="2005" VPOS="2598" WIDTH="11"/>
						<String ID="P6_ST00393" HPOS="2016" VPOS="2572" WIDTH="66" HEIGHT="27" CONTENT="are" WC="1.00" CC="000"/>
						<SP ID="P6_SP00317" HPOS="2082" VPOS="2598" WIDTH="35"/>
						<String ID="P6_ST00394" HPOS="2117" VPOS="2562" WIDTH="72" HEIGHT="36" CONTENT="921" WC="0.84" CC="004"/>
						<SP ID="P6_SP00318" HPOS="2189" VPOS="2598" WIDTH="36"/>
						<String ID="P6_ST00395" HPOS="2225" VPOS="2561" WIDTH="187" HEIGHT="39" CONTENT="students" WC="1.00" CC="42000000"/>
						<SP ID="P6_SP00319" HPOS="2413" VPOS="2600" WIDTH="38"/>
						<String ID="P6_ST00396" HPOS="2450" VPOS="2562" WIDTH="214" HEIGHT="47" CONTENT="attending" WC="1.00" CC="040040000"/>
					</TextLine>
					<TextLine ID="P6_TL00079" HPOS="1893" VPOS="2617" WIDTH="773" HEIGHT="51">
						<String ID="P6_ST00397" HPOS="1893" VPOS="2617" WIDTH="71" HEIGHT="39" CONTENT="the" WC="1.00" CC="000"/>
						<SP ID="P6_SP00320" HPOS="1964" VPOS="2657" WIDTH="16"/>
						<String ID="P6_ST00398" HPOS="1980" VPOS="2617" WIDTH="175" HEIGHT="49" CONTENT="college," WC="0.99" CC="00730900"/>
						<SP ID="P6_SP00321" HPOS="2154" VPOS="2666" WIDTH="16"/>
						<String ID="P6_ST00399" HPOS="2170" VPOS="2617" WIDTH="181" HEIGHT="49" CONTENT="working" WC="1.00" CC="0100000"/>
						<SP ID="P6_SP00322" HPOS="2351" VPOS="2666" WIDTH="19"/>
						<String ID="P6_ST00400" HPOS="2370" VPOS="2625" WIDTH="82" HEIGHT="33" CONTENT="two" WC="1.00" CC="000"/>
						<SP ID="P6_SP00323" HPOS="2452" VPOS="2666" WIDTH="17"/>
						<String ID="P6_ST00401" HPOS="2469" VPOS="2633" WIDTH="117" HEIGHT="35" CONTENT="years" WC="0.98" CC="00442"/>
						<SP ID="P6_SP00324" HPOS="2586" VPOS="2668" WIDTH="17"/>
						<String ID="P6_ST00402" HPOS="2603" VPOS="2620" WIDTH="63" HEIGHT="38" CONTENT="for" WC="1.00" CC="000"/>
					</TextLine>
					<TextLine ID="P6_TL00080" HPOS="1894" VPOS="2677" WIDTH="769" HEIGHT="49">
						<String ID="P6_ST00403" HPOS="1894" VPOS="2688" WIDTH="47" HEIGHT="27" CONTENT="an" WC="0.80" CC="04"/>
						<SP ID="P6_SP00325" HPOS="1942" VPOS="2715" WIDTH="22"/>
						<String ID="P6_ST00404" HPOS="1964" VPOS="2679" WIDTH="216" HEIGHT="38" CONTENT="Associate" WC="1.00" CC="004000000"/>
						<SP ID="P6_SP00326" HPOS="2180" VPOS="2717" WIDTH="19"/>
						<String ID="P6_ST00405" HPOS="2198" VPOS="2677" WIDTH="44" HEIGHT="39" CONTENT="of" WC="1.00" CC="00"/>
						<SP ID="P6_SP00327" HPOS="2243" VPOS="2717" WIDTH="19"/>
						<String ID="P6_ST00406" HPOS="2261" VPOS="2679" WIDTH="173" HEIGHT="39" CONTENT="Science" WC="0.99" CC="6003100"/>
						<SP ID="P6_SP00328" HPOS="2435" VPOS="2718" WIDTH="17"/>
						<String ID="P6_ST00407" HPOS="2452" VPOS="2677" WIDTH="151" HEIGHT="49" CONTENT="degree" WC="1.00" CC="000000"/>
						<SP ID="P6_SP00329" HPOS="2603" VPOS="2726" WIDTH="24"/>
						<String ID="P6_ST00408" HPOS="2627" VPOS="2682" WIDTH="36" HEIGHT="36" CONTENT="in" WC="0.87" CC="02"/>
					</TextLine>
					<TextLine ID="P6_TL00081" HPOS="1893" VPOS="2734" WIDTH="770" HEIGHT="49">
						<String ID="P6_ST00409" HPOS="1893" VPOS="2734" WIDTH="71" HEIGHT="39" CONTENT="the" WC="0.99" CC="300"/>
						<SP ID="P6_SP00330" HPOS="1964" VPOS="2773" WIDTH="14"/>
						<String ID="P6_ST00410" HPOS="1978" VPOS="2735" WIDTH="191" HEIGHT="47" CONTENT="Culinary" WC="1.00" CC="00006000"/>
						<SP ID="P6_SP00331" HPOS="2169" VPOS="2783" WIDTH="13"/>
						<String ID="P6_ST00411" HPOS="2181" VPOS="2739" WIDTH="102" HEIGHT="36" CONTENT="Arts." WC="1.00" CC="00010"/>
						<SP ID="P6_SP00332" HPOS="2283" VPOS="2783" WIDTH="24"/>
						<String ID="P6_ST00412" HPOS="2307" VPOS="2737" WIDTH="140" HEIGHT="38" CONTENT="RISD's" WC="0.79" CC="025004"/>
						<SP ID="P6_SP00333" HPOS="2447" VPOS="2783" WIDTH="19"/>
						<String ID="P6_ST00413" HPOS="2466" VPOS="2735" WIDTH="145" HEIGHT="39" CONTENT="school" WC="1.00" CC="200003"/>
						<SP ID="P6_SP00334" HPOS="2611" VPOS="2783" WIDTH="24"/>
						<String ID="P6_ST00414" HPOS="2635" VPOS="2740" WIDTH="28" HEIGHT="36" CONTENT="is" WC="1.00" CC="00"/>
					</TextLine>
					<TextLine ID="P6_TL00082" HPOS="1891" VPOS="2794" WIDTH="772" HEIGHT="47">
						<String ID="P6_ST00415" HPOS="1891" VPOS="2794" WIDTH="98" HEIGHT="47" CONTENT="only" WC="0.99" CC="0220"/>
						<SP ID="P6_SP00335" HPOS="1989" VPOS="2841" WIDTH="22"/>
						<String ID="P6_ST00416" HPOS="2011" VPOS="2797" WIDTH="35" HEIGHT="35" CONTENT="in" WC="0.69" CC="06"/>
						<SP ID="P6_SP00336" HPOS="2046" VPOS="2841" WIDTH="24"/>
						<String ID="P6_ST00417" HPOS="2069" VPOS="2797" WIDTH="47" HEIGHT="35" CONTENT="its" WC="1.00" CC="000"/>
						<SP ID="P6_SP00337" HPOS="2117" VPOS="2841" WIDTH="22"/>
						<String ID="P6_ST00418" HPOS="2139" VPOS="2795" WIDTH="157" HEIGHT="38" CONTENT="second" WC="1.00" CC="000000"/>
						<SP ID="P6_SP00338" HPOS="2296" VPOS="2841" WIDTH="22"/>
						<String ID="P6_ST00419" HPOS="2318" VPOS="2806" WIDTH="109" HEIGHT="35" CONTENT="year," WC="1.00" CC="00100"/>
						<SP ID="P6_SP00339" HPOS="2427" VPOS="2841" WIDTH="19"/>
						<String ID="P6_ST00420" HPOS="2446" VPOS="2795" WIDTH="80" HEIGHT="38" CONTENT="and" WC="1.00" CC="000"/>
						<SP ID="P6_SP00340" HPOS="2526" VPOS="2841" WIDTH="24"/>
						<String ID="P6_ST00421" HPOS="2550" VPOS="2795" WIDTH="113" HEIGHT="39" CONTENT="there" WC="1.00" CC="00000"/>
					</TextLine>
					<TextLine ID="P6_TL00083" HPOS="1893" VPOS="2850" WIDTH="769" HEIGHT="49">
						<String ID="P6_ST00422" HPOS="1893" VPOS="2865" WIDTH="66" HEIGHT="25" CONTENT="are" WC="0.98" CC="330"/>
						<SP ID="P6_SP00341" HPOS="1959" VPOS="2890" WIDTH="43"/>
						<String ID="P6_ST00423" HPOS="2002" VPOS="2850" WIDTH="192" HEIGHT="49" CONTENT="eighteen" WC="1.00" CC="00800000"/>
						<SP ID="P6_SP00342" HPOS="2194" VPOS="2899" WIDTH="44"/>
						<String ID="P6_ST00424" HPOS="2238" VPOS="2854" WIDTH="189" HEIGHT="39" CONTENT="studnets" WC="0.81" CC="00500053"/>
						<SP ID="P6_SP00343" HPOS="2427" VPOS="2899" WIDTH="47"/>
						<String ID="P6_ST00425" HPOS="2474" VPOS="2857" WIDTH="36" HEIGHT="36" CONTENT="in" WC="0.42" CC="56"/>
						<SP ID="P6_SP00344" HPOS="2510" VPOS="2899" WIDTH="49"/>
						<String ID="P6_ST00426" HPOS="2559" VPOS="2854" WIDTH="102" HEIGHT="39" CONTENT="each" WC="1.00" CC="0010"/>
					</TextLine>
					<TextLine ID="P6_TL00084" HPOS="1891" VPOS="2910" WIDTH="772" HEIGHT="49">
						<String ID="P6_ST00427" HPOS="1891" VPOS="2910" WIDTH="118" HEIGHT="38" CONTENT="class." WC="0.99" CC="050140"/>
						<SP ID="P6_SP00345" HPOS="2009" VPOS="2948" WIDTH="43"/>
						<String ID="P6_ST00428" HPOS="2052" VPOS="2910" WIDTH="101" HEIGHT="38" CONTENT="Both" WC="0.99" CC="1300"/>
						<SP ID="P6_SP00346" HPOS="2153" VPOS="2948" WIDTH="41"/>
						<String ID="P6_ST00429" HPOS="2194" VPOS="2910" WIDTH="167" HEIGHT="39" CONTENT="schools" WC="0.99" CC="1000043"/>
						<SP ID="P6_SP00347" HPOS="2361" VPOS="2950" WIDTH="43"/>
						<String ID="P6_ST00430" HPOS="2403" VPOS="2915" WIDTH="178" HEIGHT="44" CONTENT="promise" WC="0.99" CC="0000640"/>
						<SP ID="P6_SP00348" HPOS="2581" VPOS="2959" WIDTH="39"/>
						<String ID="P6_ST00431" HPOS="2620" VPOS="2918" WIDTH="43" HEIGHT="33" CONTENT="to" WC="0.91" CC="10"/>
					</TextLine>
					<TextLine ID="P6_TL00085" HPOS="1893" VPOS="2969" WIDTH="772" HEIGHT="47">
						<String ID="P6_ST00432" HPOS="1893" VPOS="2969" WIDTH="184" HEIGHT="46" CONTENT="produce" WC="1.00" CC="0000020"/>
						<SP ID="P6_SP00349" HPOS="2077" VPOS="3014" WIDTH="22"/>
						<String ID="P6_ST00433" HPOS="2099" VPOS="2969" WIDTH="124" HEIGHT="46" CONTENT="good," WC="1.00" CC="00110"/>
						<SP ID="P6_SP00350" HPOS="2224" VPOS="3014" WIDTH="22"/>
						<String ID="P6_ST00434" HPOS="2246" VPOS="2970" WIDTH="288" HEIGHT="46" CONTENT="experienced," WC="1.00" CC="030100000000"/>
						<SP ID="P6_SP00351" HPOS="2534" VPOS="3016" WIDTH="22"/>
						<String ID="P6_ST00435" HPOS="2556" VPOS="2970" WIDTH="88" HEIGHT="39" CONTENT="well" SUBS_TYPE="HypPart1" SUBS_CONTENT="welltrained" WC="0.99" CC="0040"/>
						<HYP HPOS="2644" VPOS="2970" WIDTH="20" CONTENT="-"/>
					</TextLine>
					<TextLine ID="P6_TL00086" HPOS="1890" VPOS="3025" WIDTH="773" HEIGHT="51">
						<String ID="P6_ST00436" HPOS="1890" VPOS="3025" WIDTH="157" HEIGHT="41" CONTENT="trained" SUBS_TYPE="HypPart2" SUBS_CONTENT="welltrained" WC="1.00" CC="0050000"/>
						<SP ID="P6_SP00352" HPOS="2047" VPOS="3066" WIDTH="41"/>
						<String ID="P6_ST00437" HPOS="2088" VPOS="3025" WIDTH="115" HEIGHT="41" CONTENT="chefs" WC="1.00" CC="20000"/>
						<SP ID="P6_SP00353" HPOS="2203" VPOS="3066" WIDTH="38"/>
						<String ID="P6_ST00438" HPOS="2241" VPOS="3041" WIDTH="43" HEIGHT="25" CONTENT="as" WC="0.68" CC="06"/>
						<SP ID="P6_SP00354" HPOS="2283" VPOS="3066" WIDTH="38"/>
						<String ID="P6_ST00439" HPOS="2321" VPOS="3028" WIDTH="230" HEIGHT="47" CONTENT="graduates," WC="0.99" CC="5400430000"/>
						<SP ID="P6_SP00355" HPOS="2551" VPOS="3076" WIDTH="41"/>
						<String ID="P6_ST00440" HPOS="2592" VPOS="3028" WIDTH="71" HEIGHT="39" CONTENT="but" WC="0.99" CC="200"/>
					</TextLine>
					<TextLine ID="P6_TL00087" HPOS="1890" VPOS="3083" WIDTH="773" HEIGHT="52">
						<String ID="P6_ST00441" HPOS="1890" VPOS="3083" WIDTH="98" HEIGHT="49" CONTENT="they" WC="1.00" CC="1000"/>
						<SP ID="P6_SP00356" HPOS="1987" VPOS="3132" WIDTH="22"/>
						<String ID="P6_ST00442" HPOS="2009" VPOS="3098" WIDTH="52" HEIGHT="36" CONTENT="go" WC="1.00" CC="00"/>
						<SP ID="P6_SP00357" HPOS="2061" VPOS="3134" WIDTH="22"/>
						<String ID="P6_ST00443" HPOS="2083" VPOS="3085" WIDTH="129" HEIGHT="41" CONTENT="about" WC="0.99" CC="04030"/>
						<SP ID="P6_SP00358" HPOS="2213" VPOS="3134" WIDTH="25"/>
						<String ID="P6_ST00444" HPOS="2238" VPOS="3088" WIDTH="25" HEIGHT="38" CONTENT="it" WC="0.69" CC="06"/>
						<SP ID="P6_SP00359" HPOS="2263" VPOS="3134" WIDTH="24"/>
						<String ID="P6_ST00445" HPOS="2287" VPOS="3090" WIDTH="36" HEIGHT="36" CONTENT="in" WC="1.00" CC="00"/>
						<SP ID="P6_SP00360" HPOS="2323" VPOS="3134" WIDTH="28"/>
						<String ID="P6_ST00446" HPOS="2351" VPOS="3099" WIDTH="93" HEIGHT="36" CONTENT="very" WC="0.99" CC="0030"/>
						<SP ID="P6_SP00361" HPOS="2444" VPOS="3135" WIDTH="22"/>
						<String ID="P6_ST00447" HPOS="2466" VPOS="3087" WIDTH="197" HEIGHT="41" CONTENT="different" WC="1.00" CC="000000000"/>
					</TextLine>
					<TextLine ID="P6_TL00088" HPOS="1890" VPOS="3143" WIDTH="773" HEIGHT="52">
						<String ID="P6_ST00448" HPOS="1890" VPOS="3156" WIDTH="121" HEIGHT="35" CONTENT="ways." WC="1.00" CC="00000"/>
						<SP ID="P6_SP00362" HPOS="2011" VPOS="3191" WIDTH="41"/>
						<String ID="P6_ST00449" HPOS="2052" VPOS="3145" WIDTH="38" HEIGHT="36" CONTENT="In" WC="0.55" CC="35"/>
						<SP ID="P6_SP00363" HPOS="2090" VPOS="3191" WIDTH="36"/>
						<String ID="P6_ST00450" HPOS="2126" VPOS="3143" WIDTH="99" HEIGHT="47" CONTENT="fact," WC="0.99" CC="00003"/>
						<SP ID="P6_SP00364" HPOS="2225" VPOS="3191" WIDTH="36"/>
						<String ID="P6_ST00451" HPOS="2261" VPOS="3157" WIDTH="80" HEIGHT="27" CONTENT="one" WC="1.00" CC="100"/>
						<SP ID="P6_SP00365" HPOS="2342" VPOS="3191" WIDTH="36"/>
						<String ID="P6_ST00452" HPOS="2378" VPOS="3145" WIDTH="44" HEIGHT="39" CONTENT="of" WC="0.72" CC="05"/>
						<SP ID="P6_SP00366" HPOS="2422" VPOS="3191" WIDTH="143"/>
						<String ID="P6_ST00453" HPOS="2565" VPOS="3145" WIDTH="98" HEIGHT="50" CONTENT="only" WC="0.98" CC="0740"/>
					</TextLine>
					<TextLine ID="P6_TL00089" HPOS="1882" VPOS="3202" WIDTH="776" HEIGHT="47">
						<String ID="P6_ST00454" HPOS="1882" VPOS="3202" WIDTH="143" HEIGHT="47" CONTENT="-things" WC="0.99" CC="7000600"/>
						<SP ID="P6_SP00367" HPOS="2025" VPOS="3249" WIDTH="33"/>
						<String ID="P6_ST00455" HPOS="2058" VPOS="3202" WIDTH="71" HEIGHT="39" CONTENT="the" WC="1.00" CC="000"/>
						<SP ID="P6_SP00368" HPOS="2129" VPOS="3249" WIDTH="31"/>
						<String ID="P6_ST00456" HPOS="2161" VPOS="3209" WIDTH="85" HEIGHT="31" CONTENT="two" WC="1.00" CC="000"/>
						<SP ID="P6_SP00369" HPOS="2246" VPOS="3249" WIDTH="33"/>
						<String ID="P6_ST00457" HPOS="2279" VPOS="3203" WIDTH="167" HEIGHT="39" CONTENT="schools" WC="0.99" CC="3200033"/>
						<SP ID="P6_SP00370" HPOS="2446" VPOS="3249" WIDTH="35"/>
						<String ID="P6_ST00458" HPOS="2480" VPOS="3205" WIDTH="106" HEIGHT="38" CONTENT="have" WC="1.00" CC="0000"/>
						<SP ID="P6_SP00371" HPOS="2586" VPOS="3249" WIDTH="36"/>
						<String ID="P6_ST00459" HPOS="2622" VPOS="3208" WIDTH="36" HEIGHT="35" CONTENT="in" WC="0.94" CC="10"/>
					</TextLine>
					<TextLine ID="P6_TL00090" HPOS="1890" VPOS="3261" WIDTH="770" HEIGHT="49">
						<String ID="P6_ST00460" HPOS="1890" VPOS="3272" WIDTH="213" HEIGHT="27" CONTENT="common" WC="1.00" CC="230000"/>
						<SP ID="P6_SP00372" HPOS="2102" VPOS="3299" WIDTH="57"/>
						<String ID="P6_ST00461" HPOS="2159" VPOS="3265" WIDTH="31" HEIGHT="36" CONTENT="is" WC="1.00" CC="00"/>
						<SP ID="P6_SP00373" HPOS="2191" VPOS="3301" WIDTH="52"/>
						<String ID="P6_ST00462" HPOS="2243" VPOS="3261" WIDTH="76" HEIGHT="39" CONTENT="the" WC="0.99" CC="300"/>
						<SP ID="P6_SP00374" HPOS="2318" VPOS="3301" WIDTH="50"/>
						<String ID="P6_ST00463" HPOS="2369" VPOS="3261" WIDTH="291" HEIGHT="49" CONTENT="designation" WC="1.00" CC="00200505003"/>
					</TextLine>
					<TextLine ID="P6_TL00091" HPOS="1890" VPOS="3318" WIDTH="617" HEIGHT="51">
						<String ID="P6_ST00464" HPOS="1890" VPOS="3318" WIDTH="173" HEIGHT="39" CONTENT='"School' WC="0.99" CC="8000013"/>
						<SP ID="P6_SP00375" HPOS="2063" VPOS="3357" WIDTH="30"/>
						<String ID="P6_ST00465" HPOS="2093" VPOS="3318" WIDTH="47" HEIGHT="39" CONTENT="of" WC="0.83" CC="03"/>
						<SP ID="P6_SP00376" HPOS="2140" VPOS="3357" WIDTH="25"/>
						<String ID="P6_ST00466" HPOS="2165" VPOS="3320" WIDTH="189" HEIGHT="49" CONTENT="Culinary" WC="0.99" CC="06300330"/>
						<SP ID="P6_SP00377" HPOS="2354" VPOS="3369" WIDTH="27"/>
						<String ID="P6_ST00467" HPOS="2381" VPOS="3324" WIDTH="126" HEIGHT="36" CONTENT='Arts."' WC="0.99" CC="000308"/>
					</TextLine>
					<TextLine ID="P6_TL00092" HPOS="1943" VPOS="3378" WIDTH="717" HEIGHT="41">
						<String ID="P6_ST00468" HPOS="1943" VPOS="3378" WIDTH="112" HEIGHT="38" CONTENT="Each" WC="1.00" CC="2000"/>
						<SP ID="P6_SP00378" HPOS="2055" VPOS="3416" WIDTH="69"/>
						<String ID="P6_ST00469" HPOS="2124" VPOS="3378" WIDTH="157" HEIGHT="39" CONTENT="school" WC="0.99" CC="305004"/>
						<SP ID="P6_SP00379" HPOS="2282" VPOS="3417" WIDTH="69"/>
						<String ID="P6_ST00470" HPOS="2351" VPOS="3380" WIDTH="187" HEIGHT="39" CONTENT="teaches" WC="1.00" CC="1000003"/>
						<SP ID="P6_SP00380" HPOS="2539" VPOS="3419" WIDTH="69"/>
						<String ID="P6_ST00471" HPOS="2608" VPOS="3383" WIDTH="52" HEIGHT="36" CONTENT="its" WC="0.98" CC="013"/>
					</TextLine>
					<TextLine ID="P6_TL00093" HPOS="1890" VPOS="3436" WIDTH="767" HEIGHT="47">
						<String ID="P6_ST00472" HPOS="1890" VPOS="3436" WIDTH="187" HEIGHT="39" CONTENT="students" WC="1.00" CC="00000000"/>
						<SP ID="P6_SP00381" HPOS="2077" VPOS="3476" WIDTH="35"/>
						<String ID="P6_ST00473" HPOS="2112" VPOS="3436" WIDTH="52" HEIGHT="47" CONTENT="by" WC="1.00" CC="00"/>
						<SP ID="P6_SP00382" HPOS="2164" VPOS="3483" WIDTH="36"/>
						<String ID="P6_ST00474" HPOS="2200" VPOS="3436" WIDTH="71" HEIGHT="39" CONTENT="the" WC="0.99" CC="200"/>
						<SP ID="P6_SP00383" HPOS="2271" VPOS="3483" WIDTH="36"/>
						<String ID="P6_ST00475" HPOS="2307" VPOS="3438" WIDTH="350" HEIGHT="41" CONTENT='"demonstration' WC="1.00" CC="82000750100000"/>
					</TextLine>
					<TextLine ID="P6_TL00094" HPOS="1890" VPOS="3494" WIDTH="767" HEIGHT="49">
						<String ID="P6_ST00476" HPOS="1890" VPOS="3494" WIDTH="85" HEIGHT="39" CONTENT="and" WC="0.99" CC="030"/>
						<SP ID="P6_SP00384" HPOS="1975" VPOS="3534" WIDTH="88"/>
						<String ID="P6_ST00477" HPOS="2063" VPOS="3494" WIDTH="306" HEIGHT="49" CONTENT='production"' WC="1.00" CC="03000000008"/>
						<SP ID="P6_SP00385" HPOS="2369" VPOS="3543" WIDTH="87"/>
						<String ID="P6_ST00478" HPOS="2455" VPOS="3498" WIDTH="202" HEIGHT="38" CONTENT="method." WC="1.00" CC="0000000"/>
					</TextLine>
					<TextLine ID="P6_TL00095" HPOS="1890" VPOS="3553" WIDTH="772" HEIGHT="44">
						<String ID="P6_ST00479" HPOS="1890" VPOS="3553" WIDTH="178" HEIGHT="44" CONTENT="Johnson" WC="0.99" CC="4000600"/>
						<SP ID="P6_SP00386" HPOS="2068" VPOS="3597" WIDTH="61"/>
						<String ID="P6_ST00480" HPOS="2129" VPOS="3554" WIDTH="80" HEIGHT="41" CONTENT="and" WC="0.98" CC="050"/>
						<SP ID="P6_SP00387" HPOS="2209" VPOS="3597" WIDTH="58"/>
						<String ID="P6_ST00481" HPOS="2268" VPOS="3554" WIDTH="135" HEIGHT="41" CONTENT="Wales" WC="0.99" CC="00505"/>
						<SP ID="P6_SP00388" HPOS="2403" VPOS="3597" WIDTH="57"/>
						<String ID="P6_ST00482" HPOS="2460" VPOS="3556" WIDTH="72" HEIGHT="39" CONTENT="has" WC="0.98" CC="005"/>
						<SP ID="P6_SP00389" HPOS="2532" VPOS="3597" WIDTH="60"/>
						<String ID="P6_ST00483" HPOS="2592" VPOS="3559" WIDTH="47" HEIGHT="36" CONTENT="im" SUBS_TYPE="HypPart1" SUBS_CONTENT="impressive" WC="1.00" CC="00"/>
						<HYP HPOS="2639" VPOS="3559" WIDTH="22" CONTENT="-"/>
					</TextLine>
					<TextLine ID="P6_TL00096" HPOS="1890" VPOS="3613" WIDTH="770" HEIGHT="49">
						<String ID="P6_ST00484" HPOS="1890" VPOS="3614" WIDTH="178" HEIGHT="44" CONTENT="pressive" SUBS_TYPE="HypPart2" SUBS_CONTENT="impressive" WC="0.99" CC="03062040"/>
						<SP ID="P6_SP00390" HPOS="2068" VPOS="3658" WIDTH="19"/>
						<String ID="P6_ST00485" HPOS="2087" VPOS="3613" WIDTH="194" HEIGHT="49" CONTENT="teaching" WC="0.99" CC="40100034"/>
						<SP ID="P6_SP00391" HPOS="2280" VPOS="3661" WIDTH="22"/>
						<String ID="P6_ST00486" HPOS="2302" VPOS="3614" WIDTH="191" HEIGHT="39" CONTENT="facilities" WC="1.00" CC="0400400002"/>
						<SP ID="P6_SP00392" HPOS="2493" VPOS="3661" WIDTH="24"/>
						<String ID="P6_ST00487" HPOS="2517" VPOS="3622" WIDTH="41" HEIGHT="31" CONTENT="at" WC="1.00" CC="00"/>
						<SP ID="P6_SP00393" HPOS="2557" VPOS="3661" WIDTH="19"/>
						<String ID="P6_ST00488" HPOS="2576" VPOS="3614" WIDTH="83" HEIGHT="39" CONTENT="The" WC="1.00" CC="000"/>
					</TextLine>
					<TextLine ID="P6_TL00097" HPOS="1890" VPOS="3671" WIDTH="769" HEIGHT="49">
						<String ID="P6_ST00489" HPOS="1890" VPOS="3671" WIDTH="140" HEIGHT="39" CONTENT="David" WC="0.99" CC="00700"/>
						<SP ID="P6_SP00394" HPOS="2030" VPOS="3710" WIDTH="68"/>
						<String ID="P6_ST00490" HPOS="2098" VPOS="3672" WIDTH="227" HEIGHT="38" CONTENT="Friedman" WC="1.00" CC="00000000"/>
						<SP ID="P6_SP00395" HPOS="2324" VPOS="3710" WIDTH="69"/>
						<String ID="P6_ST00491" HPOS="2394" VPOS="3676" WIDTH="178" HEIGHT="44" CONTENT="Center," WC="1.00" CC="0001300"/>
						<SP ID="P6_SP00396" HPOS="2572" VPOS="3720" WIDTH="66"/>
						<String ID="P6_ST00492" HPOS="2638" VPOS="3687" WIDTH="20" HEIGHT="25" CONTENT="a" WC="1.00" CC="0"/>
					</TextLine>
					<TextLine ID="P6_TL00098" HPOS="1890" VPOS="3731" WIDTH="767" HEIGHT="41">
						<String ID="P6_ST00493" HPOS="1890" VPOS="3731" WIDTH="296" HEIGHT="39" CONTENT="reconverted" WC="1.00" CC="00800000000"/>
						<SP ID="P6_SP00397" HPOS="2186" VPOS="3770" WIDTH="74"/>
						<String ID="P6_ST00494" HPOS="2260" VPOS="3731" WIDTH="266" HEIGHT="39" CONTENT="warehouse" WC="0.99" CC="710004300"/>
						<SP ID="P6_SP00398" HPOS="2526" VPOS="3770" WIDTH="74"/>
						<String ID="P6_ST00495" HPOS="2600" VPOS="3745" WIDTH="57" HEIGHT="27" CONTENT="on" WC="0.71" CC="05"/>
					</TextLine>
					<TextLine ID="P6_TL00099" HPOS="1890" VPOS="3787" WIDTH="770" HEIGHT="51">
						<String ID="P6_ST00496" HPOS="1890" VPOS="3787" WIDTH="283" HEIGHT="41" CONTENT="Providence's" WC="1.00" CC="040000050000"/>
						<SP ID="P6_SP00399" HPOS="2173" VPOS="3828" WIDTH="49"/>
						<String ID="P6_ST00497" HPOS="2222" VPOS="3794" WIDTH="139" HEIGHT="36" CONTENT="scenic" WC="0.99" CC="640002"/>
						<SP ID="P6_SP00400" HPOS="2361" VPOS="3830" WIDTH="50"/>
						<String ID="P6_ST00498" HPOS="2411" VPOS="3791" WIDTH="249" HEIGHT="47" CONTENT="waterfront," WC="1.00" CC="05004000002"/>
					</TextLine>
					<TextLine ID="P6_TL00100" HPOS="1887" VPOS="3847" WIDTH="772" HEIGHT="49">
						<String ID="P6_ST00499" HPOS="1887" VPOS="3847" WIDTH="135" HEIGHT="38" CONTENT="where" WC="1.00" CC="00040"/>
						<SP ID="P6_SP00401" HPOS="2022" VPOS="3885" WIDTH="50"/>
						<String ID="P6_ST00500" HPOS="2072" VPOS="3847" WIDTH="71" HEIGHT="38" CONTENT="the" WC="0.98" CC="041"/>
						<SP ID="P6_SP00402" HPOS="2143" VPOS="3885" WIDTH="52"/>
						<String ID="P6_ST00501" HPOS="2195" VPOS="3849" WIDTH="181" HEIGHT="47" CONTENT="culinary" WC="0.99" CC="20108100"/>
						<SP ID="P6_SP00403" HPOS="2376" VPOS="3896" WIDTH="52"/>
						<String ID="P6_ST00502" HPOS="2428" VPOS="3849" WIDTH="143" HEIGHT="39" CONTENT="school" WC="0.99" CC="600000"/>
						<SP ID="P6_SP00404" HPOS="2572" VPOS="3896" WIDTH="57"/>
						<String ID="P6_ST00503" HPOS="2628" VPOS="3852" WIDTH="30" HEIGHT="38" CONTENT="is" WC="0.72" CC="05"/>
					</TextLine>
					<TextLine ID="P6_TL00101" HPOS="1890" VPOS="3906" WIDTH="767" HEIGHT="50">
						<String ID="P6_ST00504" HPOS="1890" VPOS="3906" WIDTH="197" HEIGHT="39" CONTENT="located." WC="0.99" CC="40005100"/>
						<SP ID="P6_SP00405" HPOS="2087" VPOS="3945" WIDTH="52"/>
						<String ID="P6_ST00505" HPOS="2139" VPOS="3906" WIDTH="3" HEIGHT="50" CONTENT="." WC="1.00" CC="0"/>
						<SP ID="P6_SP00406" HPOS="2142" VPOS="3956" WIDTH="27"/>
						<String ID="P6_ST00506" HPOS="2169" VPOS="3906" WIDTH="139" HEIGHT="39" CONTENT="There" WC="1.00" CC="00000"/>
						<SP ID="P6_SP00407" HPOS="2307" VPOS="3956" WIDTH="77"/>
						<String ID="P6_ST00507" HPOS="2384" VPOS="3920" WIDTH="72" HEIGHT="25" CONTENT="are" WC="0.97" CC="440"/>
						<SP ID="P6_SP00408" HPOS="2457" VPOS="3956" WIDTH="83"/>
						<String ID="P6_ST00508" HPOS="2540" VPOS="3909" WIDTH="117" HEIGHT="47" CONTENT="large" WC="0.97" CC="62090"/>
					</TextLine>
					<TextLine ID="P6_TL00102" HPOS="1887" VPOS="3964" WIDTH="770" HEIGHT="51">
						<String ID="P6_ST00509" HPOS="1887" VPOS="3964" WIDTH="328" HEIGHT="39" CONTENT="demonstration" WC="1.00" CC="0000003003200"/>
						<SP ID="P6_SP00409" HPOS="2214" VPOS="4003" WIDTH="43"/>
						<String ID="P6_ST00510" HPOS="2257" VPOS="3965" WIDTH="200" HEIGHT="47" CONTENT="kitchens," WC="0.99" CC="005500520"/>
						<SP ID="P6_SP00410" HPOS="2457" VPOS="4013" WIDTH="43"/>
						<String ID="P6_ST00511" HPOS="2499" VPOS="3973" WIDTH="61" HEIGHT="33" CONTENT="set" WC="0.99" CC="100"/>
						<SP ID="P6_SP00411" HPOS="2561" VPOS="4013" WIDTH="43"/>
						<String ID="P6_ST00512" HPOS="2603" VPOS="3980" WIDTH="54" HEIGHT="35" CONTENT="up" WC="1.00" CC="00"/>
					</TextLine>
					<TextLine ID="P6_TL00103" HPOS="1888" VPOS="4022" WIDTH="767" HEIGHT="48">
						<String ID="P6_ST00513" HPOS="1888" VPOS="4022" WIDTH="76" HEIGHT="39" CONTENT="like" WC="1.00" CC="0000"/>
						<SP ID="P6_SP00412" HPOS="1964" VPOS="4061" WIDTH="49"/>
						<String ID="P6_ST00514" HPOS="2013" VPOS="4024" WIDTH="154" HEIGHT="38" CONTENT="lecture" WC="0.99" CC="0434350"/>
						<SP ID="P6_SP00413" HPOS="2167" VPOS="4061" WIDTH="46"/>
						<String ID="P6_ST00515" HPOS="2213" VPOS="4024" WIDTH="115" HEIGHT="46" CONTENT="halls," WC="0.98" CC="033363"/>
						<SP ID="P6_SP00414" HPOS="2328" VPOS="4069" WIDTH="46"/>
						<String ID="P6_ST00516" HPOS="2373" VPOS="4024" WIDTH="94" HEIGHT="39" CONTENT="with" WC="0.98" CC="7000"/>
						<SP ID="P6_SP00415" HPOS="2468" VPOS="4069" WIDTH="50"/>
						<String ID="P6_ST00517" HPOS="2518" VPOS="4031" WIDTH="137" HEIGHT="33" CONTENT="stoves" WC="0.98" CC="530810"/>
					</TextLine>
					<TextLine ID="P6_TL00104" HPOS="1887" VPOS="4080" WIDTH="770" HEIGHT="48">
						<String ID="P6_ST00518" HPOS="1887" VPOS="4080" WIDTH="231" HEIGHT="47" CONTENT="replacing" WC="1.00" CC="000060700"/>
						<SP ID="P6_SP00416" HPOS="2118" VPOS="4128" WIDTH="50"/>
						<String ID="P6_ST00519" HPOS="2169" VPOS="4082" WIDTH="77" HEIGHT="39" CONTENT="the" WC="1.00" CC="000"/>
						<SP ID="P6_SP00417" HPOS="2246" VPOS="4128" WIDTH="57"/>
						<String ID="P6_ST00520" HPOS="2302" VPOS="4083" WIDTH="209" HEIGHT="38" CONTENT="lecterns." WC="1.00" CC="005301000"/>
						<SP ID="P6_SP00418" HPOS="2512" VPOS="4128" WIDTH="57"/>
						<String ID="P6_ST00521" HPOS="2569" VPOS="4083" WIDTH="88" HEIGHT="39" CONTENT="The" WC="1.00" CC="000"/>
					</TextLine>
					<TextLine ID="P6_TL00105" HPOS="1885" VPOS="4139" WIDTH="772" HEIGHT="52">
						<String ID="P6_ST00522" HPOS="1885" VPOS="4139" WIDTH="187" HEIGHT="41" CONTENT="students" WC="1.00" CC="30000004"/>
						<SP ID="P6_SP00419" HPOS="2072" VPOS="4180" WIDTH="20"/>
						<String ID="P6_ST00523" HPOS="2093" VPOS="4140" WIDTH="131" HEIGHT="47" CONTENT="spend" WC="0.99" CC="50000"/>
						<SP ID="P6_SP00420" HPOS="2224" VPOS="4187" WIDTH="22"/>
						<String ID="P6_ST00524" HPOS="2246" VPOS="4153" WIDTH="83" HEIGHT="27" CONTENT="one" WC="1.00" CC="100"/>
						<SP ID="P6_SP00421" HPOS="2329" VPOS="4187" WIDTH="20"/>
						<String ID="P6_ST00525" HPOS="2350" VPOS="4142" WIDTH="79" HEIGHT="46" CONTENT="day" WC="0.98" CC="302"/>
						<SP ID="P6_SP00422" HPOS="2428" VPOS="4187" WIDTH="20"/>
						<String ID="P6_ST00526" HPOS="2449" VPOS="4142" WIDTH="208" HEIGHT="49" CONTENT="watching" WC="1.00" CC="00000000"/>
					</TextLine>
					<TextLine ID="P6_TL00106" HPOS="1883" VPOS="4197" WIDTH="772" HEIGHT="52">
						<String ID="P6_ST00527" HPOS="1883" VPOS="4197" WIDTH="71" HEIGHT="41" CONTENT="the" WC="1.00" CC="000"/>
						<SP ID="P6_SP00423" HPOS="1954" VPOS="4238" WIDTH="49"/>
						<String ID="P6_ST00528" HPOS="2003" VPOS="4198" WIDTH="102" HEIGHT="39" CONTENT="food" WC="0.99" CC="4000"/>
						<SP ID="P6_SP00424" HPOS="2106" VPOS="4238" WIDTH="50"/>
						<String ID="P6_ST00529" HPOS="2156" VPOS="4198" WIDTH="123" HEIGHT="49" CONTENT="being" WC="0.98" CC="40055"/>
						<SP ID="P6_SP00425" HPOS="2279" VPOS="4247" WIDTH="49"/>
						<String ID="P6_ST00530" HPOS="2328" VPOS="4202" WIDTH="197" HEIGHT="47" CONTENT="prepared" WC="1.00" CC="40100300"/>
						<SP ID="P6_SP00426" HPOS="2524" VPOS="4249" WIDTH="50"/>
						<String ID="P6_ST00531" HPOS="2575" VPOS="4202" WIDTH="80" HEIGHT="39" CONTENT="and" WC="1.00" CC="000"/>
					</TextLine>
					<TextLine ID="P6_TL00107" HPOS="1885" VPOS="4258" WIDTH="772" HEIGHT="46">
						<String ID="P6_ST00532" HPOS="1885" VPOS="4258" WIDTH="214" HEIGHT="46" CONTENT="attending" WC="1.00" CC="100050000"/>
						<SP ID="P6_SP00427" HPOS="2099" VPOS="4304" WIDTH="35"/>
						<String ID="P6_ST00533" HPOS="2134" VPOS="4258" WIDTH="187" HEIGHT="46" CONTENT="lectures," WC="0.99" CC="700000654"/>
						<SP ID="P6_SP00428" HPOS="2321" VPOS="4304" WIDTH="30"/>
						<String ID="P6_ST00534" HPOS="2351" VPOS="4258" WIDTH="79" HEIGHT="39" CONTENT="and" WC="0.97" CC="700"/>
						<SP ID="P6_SP00429" HPOS="2430" VPOS="4304" WIDTH="31"/>
						<String ID="P6_ST00535" HPOS="2461" VPOS="4258" WIDTH="71" HEIGHT="39" CONTENT="the" WC="0.98" CC="050"/>
						<SP ID="P6_SP00430" HPOS="2532" VPOS="4304" WIDTH="31"/>
						<String ID="P6_ST00536" HPOS="2564" VPOS="4266" WIDTH="93" HEIGHT="33" CONTENT="next" WC="0.99" CC="0050"/>
					</TextLine>
					<TextLine ID="P6_TL00108" HPOS="1885" VPOS="4315" WIDTH="771" HEIGHT="48">
						<String ID="P6_ST00537" HPOS="1885" VPOS="4315" WIDTH="77" HEIGHT="47" CONTENT="day" WC="1.00" CC="000"/>
						<SP ID="P6_SP00431" HPOS="1962" VPOS="4362" WIDTH="41"/>
						<String ID="P6_ST00538" HPOS="2003" VPOS="4317" WIDTH="96" HEIGHT="46" CONTENT="they" WC="1.00" CC="0000"/>
						<SP ID="P6_SP00432" HPOS="2099" VPOS="4362" WIDTH="41"/>
						<String ID="P6_ST00539" HPOS="2140" VPOS="4317" WIDTH="231" HEIGHT="46" CONTENT='"produce"' WC="0.99" CC="800003008"/>
						<SP ID="P6_SP00433" HPOS="2372" VPOS="4362" WIDTH="43"/>
						<String ID="P6_ST00540" HPOS="2414" VPOS="4318" WIDTH="69" HEIGHT="38" CONTENT="the" WC="1.00" CC="000"/>
						<SP ID="P6_SP00434" HPOS="2483" VPOS="4362" WIDTH="44"/>
						<String ID="P6_ST00541" HPOS="2528" VPOS="4318" WIDTH="128" HEIGHT="39" CONTENT="meals" WC="1.00" CC="00003"/>
					</TextLine>
					<TextLine ID="P6_TL00109" HPOS="1883" VPOS="4373" WIDTH="773" HEIGHT="49">
						<String ID="P6_ST00542" HPOS="1883" VPOS="4373" WIDTH="293" HEIGHT="41" CONTENT="themselves." WC="0.99" CC="50006076410"/>
						<SP ID="P6_SP00435" HPOS="2176" VPOS="4414" WIDTH="27"/>
						<String ID="P6_ST00543" HPOS="2203" VPOS="4373" WIDTH="5" HEIGHT="49" CONTENT="'" WC="1.00" CC="0"/>
						<SP ID="P6_SP00436" HPOS="2208" VPOS="4422" WIDTH="27"/>
						<String ID="P6_ST00544" HPOS="2235" VPOS="4376" WIDTH="139" HEIGHT="46" CONTENT="(Food" WC="0.98" CC="70402"/>
						<SP ID="P6_SP00437" HPOS="2373" VPOS="4422" WIDTH="58"/>
						<String ID="P6_ST00545" HPOS="2431" VPOS="4380" WIDTH="31" HEIGHT="35" CONTENT="is" WC="0.50" CC="45"/>
						<SP ID="P6_SP00438" HPOS="2463" VPOS="4422" WIDTH="58"/>
						<String ID="P6_ST00546" HPOS="2521" VPOS="4389" WIDTH="135" HEIGHT="27" CONTENT="never" WC="0.99" CC="00900"/>
					</TextLine>
					<TextLine ID="P6_TL00110" HPOS="1883" VPOS="4433" WIDTH="772" HEIGHT="51">
						<String ID="P6_ST00547" HPOS="1883" VPOS="4433" WIDTH="172" HEIGHT="39" CONTENT='"made"' WC="0.99" CC="800008"/>
						<SP ID="P6_SP00439" HPOS="2055" VPOS="4472" WIDTH="22"/>
						<String ID="P6_ST00548" HPOS="2077" VPOS="4439" WIDTH="39" HEIGHT="33" CONTENT="at" WC="0.76" CC="04"/>
						<SP ID="P6_SP00440" HPOS="2117" VPOS="4472" WIDTH="25"/>
						<String ID="P6_ST00549" HPOS="2142" VPOS="4433" WIDTH="180" HEIGHT="44" CONTENT="Johnson" WC="0.99" CC="2000500"/>
						<SP ID="P6_SP00441" HPOS="2321" VPOS="4477" WIDTH="28"/>
						<String ID="P6_ST00550" HPOS="2350" VPOS="4435" WIDTH="79" HEIGHT="39" CONTENT="and" WC="0.98" CC="040"/>
						<SP ID="P6_SP00442" HPOS="2428" VPOS="4477" WIDTH="27"/>
						<String ID="P6_ST00551" HPOS="2455" VPOS="4435" WIDTH="148" HEIGHT="49" CONTENT="Wales," WC="0.99" CC="006053"/>
						<SP ID="P6_SP00443" HPOS="2603" VPOS="4483" WIDTH="25"/>
						<String ID="P6_ST00552" HPOS="2628" VPOS="4439" WIDTH="27" HEIGHT="36" CONTENT="it" WC="0.89" CC="02"/>
					</TextLine>
					<TextLine ID="P6_TL00111" HPOS="1887" VPOS="4493" WIDTH="351" HEIGHT="46">
						<String ID="P6_ST00553" HPOS="1887" VPOS="4493" WIDTH="28" HEIGHT="36" CONTENT="is" WC="0.73" CC="14"/>
						<SP ID="P6_SP00444" HPOS="1915" VPOS="4529" WIDTH="28"/>
						<String ID="P6_ST00554" HPOS="1943" VPOS="4493" WIDTH="294" HEIGHT="46" CONTENT='"produced.")' WC="0.99" CC="833203000087"/>
					</TextLine>
					<TextLine ID="P6_TL00112" HPOS="1937" VPOS="4550" WIDTH="718" HEIGHT="50">
						<String ID="P6_ST00555" HPOS="1937" VPOS="4550" WIDTH="87" HEIGHT="38" CONTENT="The" WC="1.00" CC="000"/>
						<SP ID="P6_SP00445" HPOS="2024" VPOS="4587" WIDTH="69"/>
						<String ID="P6_ST00556" HPOS="2093" VPOS="4553" WIDTH="118" HEIGHT="36" CONTENT="RISD" WC="0.63" CC="8600"/>
						<SP ID="P6_SP00446" HPOS="2211" VPOS="4589" WIDTH="68"/>
						<String ID="P6_ST00557" HPOS="2279" VPOS="4564" WIDTH="202" HEIGHT="36" CONTENT="program" WC="1.00" CC="0000004"/>
						<SP ID="P6_SP00447" HPOS="2480" VPOS="4600" WIDTH="72"/>
						<String ID="P6_ST00558" HPOS="2553" VPOS="4565" WIDTH="102" HEIGHT="27" CONTENT="uses" WC="0.99" CC="3003"/>
					</TextLine>
					<TextLine ID="P6_TL00113" HPOS="1883" VPOS="4608" WIDTH="772" HEIGHT="50">
						<String ID="P6_ST00559" HPOS="1883" VPOS="4608" WIDTH="235" HEIGHT="49" CONTENT="essentially" WC="0.99" CC="06505003570"/>
						<SP ID="P6_SP00448" HPOS="2118" VPOS="4657" WIDTH="50"/>
						<String ID="P6_ST00560" HPOS="2169" VPOS="4608" WIDTH="72" HEIGHT="41" CONTENT="the" WC="1.00" CC="000"/>
						<SP ID="P6_SP00449" HPOS="2241" VPOS="4657" WIDTH="50"/>
						<String ID="P6_ST00561" HPOS="2291" VPOS="4622" WIDTH="115" HEIGHT="27" CONTENT="same" WC="0.99" CC="4000"/>
						<SP ID="P6_SP00450" HPOS="2406" VPOS="4657" WIDTH="54"/>
						<String ID="P6_ST00562" HPOS="2460" VPOS="4611" WIDTH="195" HEIGHT="47" CONTENT="teaching" WC="0.99" CC="50100008"/>
					</TextLine>
					<TextLine ID="P6_TL00114" HPOS="1883" VPOS="4666" WIDTH="772" HEIGHT="51">
						<String ID="P6_ST00563" HPOS="1883" VPOS="4666" WIDTH="186" HEIGHT="47" CONTENT="method," WC="1.00" CC="0040002"/>
						<SP ID="P6_SP00451" HPOS="2069" VPOS="4713" WIDTH="52"/>
						<String ID="P6_ST00564" HPOS="2121" VPOS="4666" WIDTH="72" HEIGHT="43" CONTENT="but" WC="1.00" CC="100"/>
						<SP ID="P6_SP00452" HPOS="2194" VPOS="4713" WIDTH="50"/>
						<String ID="P6_ST00565" HPOS="2244" VPOS="4676" WIDTH="41" HEIGHT="31" CONTENT="at" WC="0.63" CC="61"/>
						<SP ID="P6_SP00453" HPOS="2285" VPOS="4713" WIDTH="54"/>
						<String ID="P6_ST00566" HPOS="2339" VPOS="4668" WIDTH="79" HEIGHT="39" CONTENT="this" WC="0.98" CC="0105"/>
						<SP ID="P6_SP00454" HPOS="2417" VPOS="4713" WIDTH="55"/>
						<String ID="P6_ST00567" HPOS="2472" VPOS="4668" WIDTH="183" HEIGHT="49" CONTENT="culinary" WC="0.99" CC="04403002"/>
					</TextLine>
					<TextLine ID="P6_TL00115" HPOS="1882" VPOS="4726" WIDTH="772" HEIGHT="41">
						<String ID="P6_ST00568" HPOS="1882" VPOS="4726" WIDTH="145" HEIGHT="38" CONTENT="school" WC="0.99" CC="130016"/>
						<SP ID="P6_SP00455" HPOS="2027" VPOS="4764" WIDTH="38"/>
						<String ID="P6_ST00569" HPOS="2065" VPOS="4726" WIDTH="117" HEIGHT="39" CONTENT="there" WC="1.00" CC="00000"/>
						<SP ID="P6_SP00456" HPOS="2181" VPOS="4765" WIDTH="38"/>
						<String ID="P6_ST00570" HPOS="2219" VPOS="4740" WIDTH="65" HEIGHT="25" CONTENT="are" WC="1.00" CC="000"/>
						<SP ID="P6_SP00457" HPOS="2283" VPOS="4765" WIDTH="36"/>
						<String ID="P6_ST00571" HPOS="2320" VPOS="4729" WIDTH="57" HEIGHT="36" CONTENT="six" WC="0.99" CC="300"/>
						<SP ID="P6_SP00458" HPOS="2376" VPOS="4765" WIDTH="41"/>
						<String ID="P6_ST00572" HPOS="2417" VPOS="4731" WIDTH="236" HEIGHT="36" CONTENT="instructors" WC="1.00" CC="00503000000"/>
					</TextLine>
					<TextLine ID="P6_TL00116" HPOS="1882" VPOS="4784" WIDTH="769" HEIGHT="41">
						<String ID="P6_ST00573" HPOS="1882" VPOS="4784" WIDTH="80" HEIGHT="39" CONTENT="and" WC="1.00" CC="000"/>
						<SP ID="P6_SP00459" HPOS="1962" VPOS="4824" WIDTH="36"/>
						<String ID="P6_ST00574" HPOS="1998" VPOS="4787" WIDTH="55" HEIGHT="36" CONTENT="six" WC="0.98" CC="500"/>
						<SP ID="P6_SP00460" HPOS="2054" VPOS="4824" WIDTH="36"/>
						<String ID="P6_ST00575" HPOS="2090" VPOS="4786" WIDTH="187" HEIGHT="38" CONTENT="students" WC="1.00" CC="32000400"/>
						<SP ID="P6_SP00461" HPOS="2277" VPOS="4824" WIDTH="39"/>
						<String ID="P6_ST00576" HPOS="2317" VPOS="4787" WIDTH="35" HEIGHT="36" CONTENT="in" WC="0.63" CC="07"/>
						<SP ID="P6_SP00462" HPOS="2351" VPOS="4824" WIDTH="39"/>
						<String ID="P6_ST00577" HPOS="2391" VPOS="4786" WIDTH="104" HEIGHT="38" CONTENT="each" WC="1.00" CC="0000"/>
						<SP ID="P6_SP00463" HPOS="2494" VPOS="4824" WIDTH="39"/>
						<String ID="P6_ST00578" HPOS="2534" VPOS="4787" WIDTH="117" HEIGHT="38" CONTENT="class." WC="1.00" CC="000110"/>
					</TextLine>
					<TextLine ID="P6_TL00117" HPOS="1883" VPOS="4841" WIDTH="771" HEIGHT="47">
						<String ID="P6_ST00579" HPOS="1883" VPOS="4841" WIDTH="96" HEIGHT="47" CONTENT="Still," WC="0.99" CC="100034"/>
						<SP ID="P6_SP00464" HPOS="1980" VPOS="4888" WIDTH="17"/>
						<String ID="P6_ST00580" HPOS="1997" VPOS="4841" WIDTH="71" HEIGHT="41" CONTENT="the" WC="0.98" CC="400"/>
						<SP ID="P6_SP00465" HPOS="2068" VPOS="4888" WIDTH="19"/>
						<String ID="P6_ST00581" HPOS="2087" VPOS="4843" WIDTH="187" HEIGHT="41" CONTENT="students" WC="0.99" CC="13300006"/>
						<SP ID="P6_SP00466" HPOS="2274" VPOS="4888" WIDTH="19"/>
						<String ID="P6_ST00582" HPOS="2293" VPOS="4843" WIDTH="57" HEIGHT="41" CONTENT="do" WC="1.00" CC="00"/>
						<SP ID="P6_SP00467" HPOS="2350" VPOS="4888" WIDTH="22"/>
						<String ID="P6_ST00583" HPOS="2372" VPOS="4844" WIDTH="121" HEIGHT="39" CONTENT="much" WC="1.00" CC="0200"/>
						<SP ID="P6_SP00468" HPOS="2493" VPOS="4888" WIDTH="24"/>
						<String ID="P6_ST00584" HPOS="2517" VPOS="4844" WIDTH="44" HEIGHT="39" CONTENT="of" WC="1.00" CC="00"/>
						<SP ID="P6_SP00469" HPOS="2561" VPOS="4888" WIDTH="22"/>
						<String ID="P6_ST00585" HPOS="2583" VPOS="4844" WIDTH="71" HEIGHT="39" CONTENT="the" WC="1.00" CC="000"/>
					</TextLine>
					<TextLine ID="P6_TL00118" HPOS="1882" VPOS="4901" WIDTH="772" HEIGHT="47">
						<String ID="P6_ST00586" HPOS="1882" VPOS="4901" WIDTH="180" HEIGHT="47" CONTENT="cooking" WC="0.99" CC="0450073"/>
						<SP ID="P6_SP00470" HPOS="2061" VPOS="4948" WIDTH="24"/>
						<String ID="P6_ST00587" HPOS="2085" VPOS="4901" WIDTH="63" HEIGHT="38" CONTENT="for" WC="0.99" CC="300"/>
						<SP ID="P6_SP00471" HPOS="2148" VPOS="4948" WIDTH="24"/>
						<String ID="P6_ST00588" HPOS="2172" VPOS="4901" WIDTH="69" HEIGHT="39" CONTENT="the" WC="1.00" CC="000"/>
						<SP ID="P6_SP00472" HPOS="2241" VPOS="4948" WIDTH="27"/>
						<String ID="P6_ST00589" HPOS="2268" VPOS="4909" WIDTH="77" HEIGHT="33" CONTENT="rest" WC="1.00" CC="0000"/>
						<SP ID="P6_SP00473" HPOS="2345" VPOS="4948" WIDTH="28"/>
						<String ID="P6_ST00590" HPOS="2373" VPOS="4902" WIDTH="44" HEIGHT="38" CONTENT="of" WC="0.70" CC="05"/>
						<SP ID="P6_SP00474" HPOS="2417" VPOS="4948" WIDTH="27"/>
						<String ID="P6_ST00591" HPOS="2444" VPOS="4902" WIDTH="69" HEIGHT="39" CONTENT="the" WC="1.00" CC="000"/>
						<SP ID="P6_SP00475" HPOS="2513" VPOS="4948" WIDTH="28"/>
						<String ID="P6_ST00592" HPOS="2542" VPOS="4906" WIDTH="112" HEIGHT="38" CONTENT="RISD" WC="0.94" CC="0100"/>
					</TextLine>
					<TextLine ID="P6_TL00119" HPOS="1882" VPOS="4959" WIDTH="772" HEIGHT="41">
						<String ID="P6_ST00593" HPOS="1882" VPOS="4959" WIDTH="198" HEIGHT="39" CONTENT="students." WC="0.99" CC="007025200"/>
						<SP ID="P6_SP00476" HPOS="2080" VPOS="4998" WIDTH="28"/>
						<String ID="P6_ST00594" HPOS="2109" VPOS="4961" WIDTH="157" HEIGHT="38" CONTENT="Classes" WC="0.98" CC="2743505"/>
						<SP ID="P6_SP00477" HPOS="2266" VPOS="4998" WIDTH="30"/>
						<String ID="P6_ST00595" HPOS="2296" VPOS="4973" WIDTH="68" HEIGHT="25" CONTENT="are" WC="0.99" CC="003"/>
						<SP ID="P6_SP00478" HPOS="2364" VPOS="4998" WIDTH="28"/>
						<String ID="P6_ST00596" HPOS="2392" VPOS="4961" WIDTH="93" HEIGHT="39" CONTENT="held" WC="1.00" CC="0020"/>
						<SP ID="P6_SP00479" HPOS="2485" VPOS="5000" WIDTH="31"/>
						<String ID="P6_ST00597" HPOS="2517" VPOS="4964" WIDTH="35" HEIGHT="36" CONTENT="in" WC="1.00" CC="00"/>
						<SP ID="P6_SP00480" HPOS="2551" VPOS="5000" WIDTH="30"/>
						<String ID="P6_ST00598" HPOS="2581" VPOS="4962" WIDTH="72" HEIGHT="38" CONTENT="the" WC="1.00" CC="000"/>
					</TextLine>
					<TextLine ID="P6_TL00120" HPOS="1882" VPOS="5017" WIDTH="767" HEIGHT="49">
						<String ID="P6_ST00599" HPOS="1882" VPOS="5017" WIDTH="110" HEIGHT="39" CONTENT="RISD" WC="0.91" CC="0003"/>
						<SP ID="P6_SP00481" HPOS="1992" VPOS="5057" WIDTH="55"/>
						<String ID="P6_ST00600" HPOS="2047" VPOS="5017" WIDTH="203" HEIGHT="49" CONTENT="refectory" WC="1.00" CC="030000310"/>
						<SP ID="P6_SP00482" HPOS="2250" VPOS="5066" WIDTH="54"/>
						<String ID="P6_ST00601" HPOS="2304" VPOS="5031" WIDTH="52" HEIGHT="27" CONTENT="on" WC="0.70" CC="32"/>
						<SP ID="P6_SP00483" HPOS="2356" VPOS="5066" WIDTH="60"/>
						<String ID="P6_ST00602" HPOS="2416" VPOS="5022" WIDTH="233" HEIGHT="36" CONTENT="Waterman" WC="1.00" CC="04000004"/>
					</TextLine>
					<TextLine ID="P6_TL00121" HPOS="1882" VPOS="5076" WIDTH="770" HEIGHT="41">
						<String ID="P6_ST00603" HPOS="1882" VPOS="5076" WIDTH="128" HEIGHT="39" CONTENT="Street" WC="1.00" CC="000020"/>
						<SP ID="P6_SP00484" HPOS="2009" VPOS="5115" WIDTH="24"/>
						<String ID="P6_ST00604" HPOS="2033" VPOS="5079" WIDTH="36" HEIGHT="35" CONTENT="in" WC="1.00" CC="00"/>
						<SP ID="P6_SP00485" HPOS="2069" VPOS="5115" WIDTH="27"/>
						<String ID="P6_ST00605" HPOS="2096" VPOS="5076" WIDTH="265" HEIGHT="41" CONTENT="Providence," WC="1.00" CC="20000003000"/>
						<SP ID="P6_SP00486" HPOS="2361" VPOS="5117" WIDTH="22"/>
						<String ID="P6_ST00606" HPOS="2383" VPOS="5077" WIDTH="175" HEIGHT="39" CONTENT="without" WC="1.00" CC="0000000"/>
						<SP ID="P6_SP00487" HPOS="2557" VPOS="5117" WIDTH="24"/>
						<String ID="P6_ST00607" HPOS="2581" VPOS="5079" WIDTH="71" HEIGHT="38" CONTENT="the" WC="0.99" CC="200"/>
					</TextLine>
				</TextBlock>
				<TextBlock ID="P6_TB00010" HPOS="2739" VPOS="405" WIDTH="809" HEIGHT="824" language="en" STYLEREFS="TXT_0 PAR_LEFT">
					<TextLine ID="P6_TL00122" HPOS="2742" VPOS="406" WIDTH="769" HEIGHT="48">
						<String ID="P6_ST00608" HPOS="2742" VPOS="406" WIDTH="213" HEIGHT="39" CONTENT="elaborate" WC="1.00" CC="000100000"/>
						<SP ID="P6_SP00488" HPOS="2954" VPOS="446" WIDTH="30"/>
						<String ID="P6_ST00609" HPOS="2984" VPOS="413" WIDTH="135" HEIGHT="41" CONTENT="set-up" WC="0.99" CC="300060"/>
						<SP ID="P6_SP00489" HPOS="3120" VPOS="454" WIDTH="30"/>
						<String ID="P6_ST00610" HPOS="3150" VPOS="406" WIDTH="44" HEIGHT="39" CONTENT="of" WC="0.93" CC="01"/>
						<SP ID="P6_SP00490" HPOS="3194" VPOS="454" WIDTH="31"/>
						<String ID="P6_ST00611" HPOS="3225" VPOS="406" WIDTH="72" HEIGHT="39" CONTENT="the" WC="1.00" CC="000"/>
						<SP ID="P6_SP00491" HPOS="3298" VPOS="454" WIDTH="33"/>
						<String ID="P6_ST00612" HPOS="3331" VPOS="406" WIDTH="180" HEIGHT="44" CONTENT="Johnson" WC="0.99" CC="0105600"/>
					</TextLine>
					<TextLine ID="P6_TL00123" HPOS="2742" VPOS="465" WIDTH="476" HEIGHT="47">
						<String ID="P6_ST00613" HPOS="2742" VPOS="465" WIDTH="80" HEIGHT="39" CONTENT="and" WC="0.97" CC="520"/>
						<SP ID="P6_SP00492" HPOS="2822" VPOS="504" WIDTH="28"/>
						<String ID="P6_ST00614" HPOS="2850" VPOS="465" WIDTH="135" HEIGHT="39" CONTENT="Wales" WC="1.00" CC="02000"/>
						<SP ID="P6_SP00493" HPOS="2986" VPOS="504" WIDTH="28"/>
						<String ID="P6_ST00615" HPOS="3014" VPOS="465" WIDTH="203" HEIGHT="47" CONTENT="complex." WC="1.00" CC="00000000"/>
					</TextLine>
					<TextLine ID="P6_TL00124" HPOS="2794" VPOS="521" WIDTH="721" HEIGHT="49">
						<String ID="P6_ST00616" HPOS="2794" VPOS="523" WIDTH="83" HEIGHT="39" CONTENT="The" WC="1.00" CC="000"/>
						<SP ID="P6_SP00494" HPOS="2877" VPOS="562" WIDTH="36"/>
						<String ID="P6_ST00617" HPOS="2913" VPOS="523" WIDTH="176" HEIGHT="39" CONTENT="director" WC="1.00" CC="00000510"/>
						<SP ID="P6_SP00495" HPOS="3090" VPOS="562" WIDTH="36"/>
						<String ID="P6_ST00618" HPOS="3126" VPOS="523" WIDTH="44" HEIGHT="39" CONTENT="of" WC="1.00" CC="00"/>
						<SP ID="P6_SP00496" HPOS="3170" VPOS="562" WIDTH="35"/>
						<String ID="P6_ST00619" HPOS="3205" VPOS="521" WIDTH="71" HEIGHT="41" CONTENT="the" WC="0.98" CC="400"/>
						<SP ID="P6_SP00497" HPOS="3276" VPOS="562" WIDTH="38"/>
						<String ID="P6_ST00620" HPOS="3313" VPOS="535" WIDTH="202" HEIGHT="35" CONTENT="program," WC="1.00" CC="00000003"/>
					</TextLine>
					<TextLine ID="P6_TL00125" HPOS="2742" VPOS="581" WIDTH="770" HEIGHT="49">
						<String ID="P6_ST00621" HPOS="2742" VPOS="581" WIDTH="137" HEIGHT="39" CONTENT="Alfred" WC="1.00" CC="000200"/>
						<SP ID="P6_SP00498" HPOS="2879" VPOS="620" WIDTH="22"/>
						<String ID="P6_ST00622" HPOS="2901" VPOS="581" WIDTH="102" HEIGHT="47" CONTENT="Falk," WC="0.99" CC="00303"/>
						<SP ID="P6_SP00499" HPOS="3003" VPOS="628" WIDTH="19"/>
						<String ID="P6_ST00623" HPOS="3022" VPOS="584" WIDTH="28" HEIGHT="36" CONTENT="is" WC="0.84" CC="03"/>
						<SP ID="P6_SP00500" HPOS="3050" VPOS="628" WIDTH="20"/>
						<String ID="P6_ST00624" HPOS="3071" VPOS="595" WIDTH="22" HEIGHT="25" CONTENT="a" WC="1.00" CC="0"/>
						<SP ID="P6_SP00501" HPOS="3093" VPOS="628" WIDTH="19"/>
						<String ID="P6_ST00625" HPOS="3112" VPOS="581" WIDTH="120" HEIGHT="49" CONTENT="jovial" WC="0.99" CC="007000"/>
						<SP ID="P6_SP00502" HPOS="3231" VPOS="630" WIDTH="22"/>
						<String ID="P6_ST00626" HPOS="3254" VPOS="595" WIDTH="93" HEIGHT="25" CONTENT="man" WC="1.00" CC="000"/>
						<SP ID="P6_SP00503" HPOS="3346" VPOS="630" WIDTH="20"/>
						<String ID="P6_ST00627" HPOS="3367" VPOS="581" WIDTH="96" HEIGHT="39" CONTENT="who" WC="1.00" CC="000"/>
						<SP ID="P6_SP00504" HPOS="3463" VPOS="630" WIDTH="19"/>
						<String ID="P6_ST00628" HPOS="3482" VPOS="584" WIDTH="30" HEIGHT="36" CONTENT="is" WC="0.66" CC="06"/>
					</TextLine>
					<TextLine ID="P6_TL00126" HPOS="2742" VPOS="639" WIDTH="789" HEIGHT="50">
						<String ID="P6_ST00629" HPOS="2742" VPOS="654" WIDTH="102" HEIGHT="35" CONTENT="very" WC="1.00" CC="0000"/>
						<SP ID="P6_SP00505" HPOS="2844" VPOS="688" WIDTH="52"/>
						<String ID="P6_ST00630" HPOS="2896" VPOS="639" WIDTH="302" HEIGHT="39" CONTENT="enthusiastic" WC="1.00" CC="000014300000"/>
						<SP ID="P6_SP00506" HPOS="3198" VPOS="688" WIDTH="52"/>
						<String ID="P6_ST00631" HPOS="3250" VPOS="639" WIDTH="140" HEIGHT="39" CONTENT="about" WC="1.00" CC="00000"/>
						<SP ID="P6_SP00507" HPOS="3391" VPOS="688" WIDTH="55"/>
						<String ID="P6_ST00632" HPOS="3446" VPOS="639" WIDTH="85" HEIGHT="46" CONTENT="his," WC="0.98" CC="0034"/>
					</TextLine>
					<TextLine ID="P6_TL00127" HPOS="2743" VPOS="698" WIDTH="769" HEIGHT="49">
						<String ID="P6_ST00633" HPOS="2743" VPOS="699" WIDTH="181" HEIGHT="47" CONTENT="culinary" WC="0.99" CC="06554000"/>
						<SP ID="P6_SP00508" HPOS="2924" VPOS="746" WIDTH="17"/>
						<String ID="P6_ST00634" HPOS="2942" VPOS="698" WIDTH="159" HEIGHT="39" CONTENT="school." WC="1.00" CC="1000000"/>
						<SP ID="P6_SP00509" HPOS="3101" VPOS="746" WIDTH="24"/>
						<String ID="P6_ST00635" HPOS="3124" VPOS="701" WIDTH="69" HEIGHT="36" CONTENT="His" WC="0.98" CC="006"/>
						<SP ID="P6_SP00510" HPOS="3194" VPOS="746" WIDTH="19"/>
						<String ID="P6_ST00636" HPOS="3213" VPOS="698" WIDTH="250" HEIGHT="49" CONTENT="philosophy" WC="1.00" CC="0000130000"/>
						<SP ID="P6_SP00511" HPOS="3463" VPOS="746" WIDTH="19"/>
						<String ID="P6_ST00637" HPOS="3482" VPOS="701" WIDTH="30" HEIGHT="36" CONTENT="is" WC="0.97" CC="00"/>
					</TextLine>
					<TextLine ID="P6_TL00128" HPOS="2742" VPOS="756" WIDTH="767" HEIGHT="41">
						<String ID="P6_ST00638" HPOS="2742" VPOS="770" WIDTH="82" HEIGHT="27" CONTENT="one" WC="0.99" CC="020"/>
						<SP ID="P6_SP00512" HPOS="2824" VPOS="797" WIDTH="44"/>
						<String ID="P6_ST00639" HPOS="2868" VPOS="757" WIDTH="46" HEIGHT="39" CONTENT="of" WC="0.71" CC="13"/>
						<SP ID="P6_SP00513" HPOS="2913" VPOS="797" WIDTH="46"/>
						<String ID="P6_ST00640" HPOS="2959" VPOS="756" WIDTH="151" HEIGHT="41" CONTENT="careful" WC="1.00" CC="0000120"/>
						<SP ID="P6_SP00514" HPOS="3110" VPOS="797" WIDTH="49"/>
						<String ID="P6_ST00641" HPOS="3159" VPOS="756" WIDTH="79" HEIGHT="41" CONTENT="and" WC="0.99" CC="110"/>
						<SP ID="P6_SP00515" HPOS="3238" VPOS="797" WIDTH="50"/>
						<String ID="P6_ST00642" HPOS="3288" VPOS="757" WIDTH="220" HEIGHT="39" CONTENT="individual" WC="1.00" CC="0300000710"/>
					</TextLine>
					<TextLine ID="P6_TL00129" HPOS="2743" VPOS="814" WIDTH="766" HEIGHT="40">
						<String ID="P6_ST00643" HPOS="2743" VPOS="817" WIDTH="225" HEIGHT="36" CONTENT="attention" WC="1.00" CC="000000460"/>
						<SP ID="P6_SP00516" HPOS="2969" VPOS="854" WIDTH="54"/>
						<String ID="P6_ST00644" HPOS="3022" VPOS="814" WIDTH="68" HEIGHT="39" CONTENT="for" WC="0.99" CC="020"/>
						<SP ID="P6_SP00517" HPOS="3090" VPOS="854" WIDTH="52"/>
						<String ID="P6_ST00645" HPOS="3142" VPOS="814" WIDTH="112" HEIGHT="39" CONTENT="each" WC="1.00" CC="0000"/>
						<SP ID="P6_SP00518" HPOS="3254" VPOS="854" WIDTH="54"/>
						<String ID="P6_ST00646" HPOS="3307" VPOS="814" WIDTH="202" HEIGHT="39" CONTENT="student." WC="1.00" CC="00400600"/>
					</TextLine>
					<TextLine ID="P6_TL00130" HPOS="2743" VPOS="872" WIDTH="769" HEIGHT="48">
						<String ID="P6_ST00647" HPOS="2743" VPOS="872" WIDTH="205" HEIGHT="47" CONTENT="Although" WC="1.00" CC="03000300"/>
						<SP ID="P6_SP00519" HPOS="2948" VPOS="920" WIDTH="41"/>
						<String ID="P6_ST00648" HPOS="2989" VPOS="874" WIDTH="71" HEIGHT="38" CONTENT="the" WC="1.00" CC="000"/>
						<SP ID="P6_SP00520" HPOS="3060" VPOS="920" WIDTH="41"/>
						<String ID="P6_ST00649" HPOS="3101" VPOS="876" WIDTH="110" HEIGHT="36" CONTENT="RISD" WC="0.95" CC="0020"/>
						<SP ID="P6_SP00521" HPOS="3211" VPOS="920" WIDTH="39"/>
						<String ID="P6_ST00650" HPOS="3250" VPOS="885" WIDTH="186" HEIGHT="35" CONTENT="program" WC="0.99" CC="8000020"/>
						<SP ID="P6_SP00522" HPOS="3436" VPOS="920" WIDTH="46"/>
						<String ID="P6_ST00651" HPOS="3482" VPOS="876" WIDTH="30" HEIGHT="36" CONTENT="is" WC="0.81" CC="03"/>
					</TextLine>
					<TextLine ID="P6_TL00131" HPOS="2740" VPOS="931" WIDTH="772" HEIGHT="49">
						<String ID="P6_ST00652" HPOS="2740" VPOS="945" WIDTH="96" HEIGHT="35" CONTENT="very" WC="0.99" CC="3000"/>
						<SP ID="P6_SP00523" HPOS="2836" VPOS="980" WIDTH="25"/>
						<String ID="P6_ST00653" HPOS="2861" VPOS="945" WIDTH="90" HEIGHT="25" CONTENT="new" WC="1.00" CC="000"/>
						<SP ID="P6_SP00524" HPOS="2951" VPOS="980" WIDTH="24"/>
						<String ID="P6_ST00654" HPOS="2975" VPOS="932" WIDTH="80" HEIGHT="38" CONTENT="and" WC="1.00" CC="000"/>
						<SP ID="P6_SP00525" HPOS="3055" VPOS="980" WIDTH="25"/>
						<String ID="P6_ST00655" HPOS="3080" VPOS="931" WIDTH="131" HEIGHT="47" CONTENT="small," WC="0.99" CC="301252"/>
						<SP ID="P6_SP00526" HPOS="3211" VPOS="980" WIDTH="27"/>
						<String ID="P6_ST00656" HPOS="3238" VPOS="934" WIDTH="25" HEIGHT="36" CONTENT="it" WC="1.00" CC="00"/>
						<SP ID="P6_SP00527" HPOS="3263" VPOS="980" WIDTH="27"/>
						<String ID="P6_ST00657" HPOS="3290" VPOS="934" WIDTH="28" HEIGHT="36" CONTENT="is" WC="0.92" CC="01"/>
						<SP ID="P6_SP00528" HPOS="3318" VPOS="980" WIDTH="30"/>
						<String ID="P6_ST00658" HPOS="3348" VPOS="931" WIDTH="164" HEIGHT="49" CONTENT="already" WC="1.00" CC="4000000"/>
					</TextLine>
					<TextLine ID="P6_TL00132" HPOS="2742" VPOS="987" WIDTH="767" HEIGHT="49">
						<String ID="P6_ST00659" HPOS="2742" VPOS="992" WIDTH="244" HEIGHT="44" CONTENT="attracting" WC="1.00" CC="2000000000"/>
						<SP ID="P6_SP00529" HPOS="2986" VPOS="1036" WIDTH="72"/>
						<String ID="P6_ST00660" HPOS="3058" VPOS="1002" WIDTH="77" HEIGHT="27" CONTENT="an-" WC="0.98" CC="012"/>
						<SP ID="P6_SP00530" HPOS="3135" VPOS="1036" WIDTH="50"/>
						<String ID="P6_ST00661" HPOS="3186" VPOS="987" WIDTH="323" HEIGHT="41" CONTENT="international" WC="1.00" CC="0000030000005"/>
					</TextLine>
					<TextLine ID="P6_TL00133" HPOS="2742" VPOS="1047" WIDTH="770" HEIGHT="47">
						<String ID="P6_ST00662" HPOS="2742" VPOS="1047" WIDTH="169" HEIGHT="39" CONTENT="student" WC="0.99" CC="7000010"/>
						<SP ID="P6_SP00531" HPOS="2910" VPOS="1087" WIDTH="22"/>
						<String ID="P6_ST00663" HPOS="2932" VPOS="1047" WIDTH="123" HEIGHT="47" CONTENT="body," WC="0.99" CC="10004"/>
						<SP ID="P6_SP00532" HPOS="3055" VPOS="1094" WIDTH="25"/>
						<String ID="P6_ST00664" HPOS="3080" VPOS="1047" WIDTH="79" HEIGHT="43" CONTENT="and" WC="0.95" CC="930"/>
						<SP ID="P6_SP00533" HPOS="3159" VPOS="1094" WIDTH="25"/>
						<String ID="P6_ST00665" HPOS="3184" VPOS="1047" WIDTH="115" HEIGHT="39" CONTENT="there" WC="1.00" CC="00000"/>
						<SP ID="P6_SP00534" HPOS="3299" VPOS="1094" WIDTH="24"/>
						<String ID="P6_ST00666" HPOS="3323" VPOS="1060" WIDTH="68" HEIGHT="25" CONTENT="are" WC="1.00" CC="010"/>
						<SP ID="P6_SP00535" HPOS="3391" VPOS="1094" WIDTH="22"/>
						<String ID="P6_ST00667" HPOS="3413" VPOS="1060" WIDTH="99" HEIGHT="25" CONTENT="over" WC="1.00" CC="0000"/>
					</TextLine>
					<TextLine ID="P6_TL00134" HPOS="2742" VPOS="1106" WIDTH="767" HEIGHT="47">
						<String ID="P6_ST00668" HPOS="2742" VPOS="1109" WIDTH="76" HEIGHT="36" CONTENT="200" WC="0.71" CC="404"/>
						<SP ID="P6_SP00536" HPOS="2817" VPOS="1145" WIDTH="20"/>
						<String ID="P6_ST00669" HPOS="2838" VPOS="1106" WIDTH="279" HEIGHT="47" CONTENT="applications" WC="1.00" CC="100700008000"/>
						<SP ID="P6_SP00537" HPOS="3117" VPOS="1153" WIDTH="20"/>
						<String ID="P6_ST00670" HPOS="3137" VPOS="1106" WIDTH="61" HEIGHT="39" CONTENT="for" WC="1.00" CC="000"/>
						<SP ID="P6_SP00538" HPOS="3198" VPOS="1153" WIDTH="22"/>
						<String ID="P6_ST00671" HPOS="3220" VPOS="1106" WIDTH="72" HEIGHT="39" CONTENT="the" WC="1.00" CC="000"/>
						<SP ID="P6_SP00539" HPOS="3293" VPOS="1153" WIDTH="24"/>
						<String ID="P6_ST00672" HPOS="3317" VPOS="1106" WIDTH="192" HEIGHT="47" CONTENT="eighteen" WC="1.00" CC="00000000"/>
					</TextLine>
					<TextLine ID="P6_TL00135" HPOS="2742" VPOS="1164" WIDTH="627" HEIGHT="49">
						<String ID="P6_ST00673" HPOS="2742" VPOS="1164" WIDTH="139" HEIGHT="49" CONTENT="places" WC="1.00" CC="000000"/>
						<SP ID="P6_SP00540" HPOS="2880" VPOS="1213" WIDTH="31"/>
						<String ID="P6_ST00674" HPOS="2912" VPOS="1167" WIDTH="36" HEIGHT="36" CONTENT="in" WC="0.80" CC="03"/>
						<SP ID="P6_SP00541" HPOS="2948" VPOS="1213" WIDTH="30"/>
						<String ID="P6_ST00675" HPOS="2978" VPOS="1170" WIDTH="94" HEIGHT="33" CONTENT="next" WC="1.00" CC="0000"/>
						<SP ID="P6_SP00542" HPOS="3072" VPOS="1213" WIDTH="25"/>
						<String ID="P6_ST00676" HPOS="3098" VPOS="1167" WIDTH="126" HEIGHT="46" CONTENT="year's" WC="1.00" CC="001000"/>
						<SP ID="P6_SP00543" HPOS="3224" VPOS="1213" WIDTH="30"/>
						<String ID="P6_ST00677" HPOS="3254" VPOS="1164" WIDTH="115" HEIGHT="39" CONTENT="class." WC="0.99" CC="000160"/>
					</TextLine>
					<TextLine ID="P6_TL00136" HPOS="3287" VPOS="1224" WIDTH="11" HEIGHT="5">
						<String ID="P6_ST00678" HPOS="3287" VPOS="1224" WIDTH="11" HEIGHT="5" CONTENT="*" WC="0.24" CC="7" STYLEREFS="TXT_4"/>
					</TextLine>
				</TextBlock>
				<TextBlock ID="P6_TB00011" HPOS="2742" VPOS="3083" WIDTH="775" HEIGHT="2039" language="en" STYLEREFS="TXT_0 PAR_BLOCK">
					<TextLine ID="P6_TL00137" HPOS="2798" VPOS="3083" WIDTH="719" HEIGHT="48">
						<String ID="P6_ST00679" HPOS="2798" VPOS="3087" WIDTH="49" HEIGHT="36" CONTENT="At" WC="0.91" CC="01"/>
						<SP ID="P6_SP00544" HPOS="2847" VPOS="3123" WIDTH="33"/>
						<String ID="P6_ST00680" HPOS="2880" VPOS="3083" WIDTH="180" HEIGHT="46" CONTENT="Johnson" WC="0.99" CC="4505400"/>
						<SP ID="P6_SP00545" HPOS="3060" VPOS="3129" WIDTH="39"/>
						<String ID="P6_ST00681" HPOS="3099" VPOS="3083" WIDTH="80" HEIGHT="41" CONTENT="and" WC="1.00" CC="000"/>
						<SP ID="P6_SP00546" HPOS="3180" VPOS="3129" WIDTH="20"/>
						<String ID="P6_ST00682" HPOS="3200" VPOS="3083" WIDTH="165" HEIGHT="47" CONTENT="'Wales," WC="0.99" CC="0004050"/>
						<SP ID="P6_SP00547" HPOS="3365" VPOS="3131" WIDTH="35"/>
						<String ID="P6_ST00683" HPOS="3400" VPOS="3083" WIDTH="117" HEIGHT="41" CONTENT="there" WC="1.00" CC="00000"/>
					</TextLine>
					<TextLine ID="P6_TL00138" HPOS="2745" VPOS="3143" WIDTH="769" HEIGHT="48">
						<String ID="P6_ST00684" HPOS="2745" VPOS="3154" WIDTH="66" HEIGHT="27" CONTENT="are" WC="1.00" CC="000"/>
						<SP ID="P6_SP00548" HPOS="2811" VPOS="3181" WIDTH="24"/>
						<String ID="P6_ST00685" HPOS="2835" VPOS="3143" WIDTH="128" HEIGHT="38" CONTENT="about" WC="0.99" CC="00033"/>
						<SP ID="P6_SP00549" HPOS="2962" VPOS="3181" WIDTH="22"/>
						<String ID="P6_ST00686" HPOS="2984" VPOS="3148" WIDTH="254" HEIGHT="43" CONTENT="twenty-two" WC="1.00" CC="3004500000"/>
						<SP ID="P6_SP00550" HPOS="3238" VPOS="3191" WIDTH="25"/>
						<String ID="P6_ST00687" HPOS="3263" VPOS="3143" WIDTH="186" HEIGHT="39" CONTENT="students" WC="0.99" CC="50600400"/>
						<SP ID="P6_SP00551" HPOS="3449" VPOS="3191" WIDTH="28"/>
						<String ID="P6_ST00688" HPOS="3477" VPOS="3145" WIDTH="36" HEIGHT="36" CONTENT="in" WC="0.64" CC="07"/>
					</TextLine>
					<TextLine ID="P6_TL00139" HPOS="2743" VPOS="3202" WIDTH="769" HEIGHT="47">
						<String ID="P6_ST00689" HPOS="2743" VPOS="3202" WIDTH="104" HEIGHT="39" CONTENT="each" WC="0.98" CC="0036"/>
						<SP ID="P6_SP00552" HPOS="2847" VPOS="3241" WIDTH="25"/>
						<String ID="P6_ST00690" HPOS="2872" VPOS="3202" WIDTH="117" HEIGHT="39" CONTENT="class," WC="1.00" CC="050000"/>
						<SP ID="P6_SP00553" HPOS="2989" VPOS="3241" WIDTH="24"/>
						<String ID="P6_ST00691" HPOS="3013" VPOS="3202" WIDTH="98" HEIGHT="47" CONTENT="they" WC="1.00" CC="0000"/>
						<SP ID="P6_SP00554" HPOS="3110" VPOS="3249" WIDTH="22"/>
						<String ID="P6_ST00692" HPOS="3132" VPOS="3203" WIDTH="140" HEIGHT="38" CONTENT="attend" WC="1.00" CC="000000"/>
						<SP ID="P6_SP00555" HPOS="3272" VPOS="3249" WIDTH="25"/>
						<String ID="P6_ST00693" HPOS="3298" VPOS="3202" WIDTH="151" HEIGHT="39" CONTENT="classes" WC="1.00" CC="0000101"/>
						<SP ID="P6_SP00556" HPOS="3449" VPOS="3249" WIDTH="27"/>
						<String ID="P6_ST00694" HPOS="3476" VPOS="3206" WIDTH="36" HEIGHT="36" CONTENT="in" WC="0.96" CC="00"/>
					</TextLine>
					<TextLine ID="P6_TL00140" HPOS="2745" VPOS="3258" WIDTH="772" HEIGHT="49">
						<String ID="P6_ST00695" HPOS="2745" VPOS="3258" WIDTH="126" HEIGHT="41" CONTENT="small" WC="0.98" CC="50354"/>
						<SP ID="P6_SP00557" HPOS="2871" VPOS="3299" WIDTH="72"/>
						<String ID="P6_ST00696" HPOS="2943" VPOS="3260" WIDTH="274" HEIGHT="47" CONTENT="production" WC="1.00" CC="0100600000"/>
						<SP ID="P6_SP00558" HPOS="3217" VPOS="3307" WIDTH="74"/>
						<String ID="P6_ST00697" HPOS="3291" VPOS="3260" WIDTH="225" HEIGHT="46" CONTENT="kitchens," WC="1.00" CC="000000510"/>
					</TextLine>
					<TextLine ID="P6_TL00141" HPOS="2743" VPOS="3318" WIDTH="773" HEIGHT="47">
						<String ID="P6_ST00698" HPOS="2743" VPOS="3318" WIDTH="167" HEIGHT="39" CONTENT="divided" WC="1.00" CC="0100000"/>
						<SP ID="P6_SP00559" HPOS="2910" VPOS="3357" WIDTH="19"/>
						<String ID="P6_ST00699" HPOS="2929" VPOS="3318" WIDTH="50" HEIGHT="47" CONTENT="by" WC="0.94" CC="10"/>
						<SP ID="P6_SP00560" HPOS="2980" VPOS="3365" WIDTH="19"/>
						<String ID="P6_ST00700" HPOS="2998" VPOS="3326" WIDTH="118" HEIGHT="39" CONTENT="types" WC="0.99" CC="50004"/>
						<SP ID="P6_SP00561" HPOS="3117" VPOS="3365" WIDTH="17"/>
						<String ID="P6_ST00701" HPOS="3134" VPOS="3318" WIDTH="44" HEIGHT="39" CONTENT="of" WC="0.92" CC="01"/>
						<SP ID="P6_SP00562" HPOS="3178" VPOS="3365" WIDTH="19"/>
						<String ID="P6_ST00702" HPOS="3197" VPOS="3321" WIDTH="170" HEIGHT="36" CONTENT="cuisine." WC="0.99" CC="05071300"/>
						<SP ID="P6_SP00563" HPOS="3367" VPOS="3365" WIDTH="20"/>
						<String ID="P6_ST00703" HPOS="3387" VPOS="3318" WIDTH="129" HEIGHT="39" CONTENT="There" WC="1.00" CC="00000"/>
					</TextLine>
					<TextLine ID="P6_TL00142" HPOS="2746" VPOS="3378" WIDTH="770" HEIGHT="46">
						<String ID="P6_ST00704" HPOS="2746" VPOS="3380" WIDTH="30" HEIGHT="36" CONTENT="is" WC="0.72" CC="05"/>
						<SP ID="P6_SP00564" HPOS="2776" VPOS="3416" WIDTH="54"/>
						<String ID="P6_ST00705" HPOS="2830" VPOS="3391" WIDTH="24" HEIGHT="25" CONTENT="a" WC="1.00" CC="0"/>
						<SP ID="P6_SP00565" HPOS="2854" VPOS="3416" WIDTH="54"/>
						<String ID="P6_ST00706" HPOS="2907" VPOS="3378" WIDTH="157" HEIGHT="39" CONTENT="Middle" WC="0.99" CC="200080"/>
						<SP ID="P6_SP00566" HPOS="3065" VPOS="3417" WIDTH="58"/>
						<String ID="P6_ST00707" HPOS="3123" VPOS="3380" WIDTH="156" HEIGHT="38" CONTENT="Eastern" WC="1.00" CC="0210000"/>
						<SP ID="P6_SP00567" HPOS="3279" VPOS="3417" WIDTH="57"/>
						<String ID="P6_ST00708" HPOS="3335" VPOS="3378" WIDTH="181" HEIGHT="46" CONTENT="kitchen," WC="0.99" CC="00030054"/>
					</TextLine>
					<TextLine ID="P6_TL00143" HPOS="2743" VPOS="3435" WIDTH="770" HEIGHT="49">
						<String ID="P6_ST00709" HPOS="2743" VPOS="3436" WIDTH="150" HEIGHT="47" CONTENT="where," WC="1.00" CC="000000"/>
						<SP ID="P6_SP00568" HPOS="2893" VPOS="3483" WIDTH="19"/>
						<String ID="P6_ST00710" HPOS="2912" VPOS="3435" WIDTH="117" HEIGHT="41" CONTENT="when" WC="1.00" CC="0000"/>
						<SP ID="P6_SP00569" HPOS="3028" VPOS="3483" WIDTH="30"/>
						<String ID="P6_ST00711" HPOS="3058" VPOS="3435" WIDTH="5" HEIGHT="49" CONTENT="I" WC="1.00" CC="0"/>
						<SP ID="P6_SP00570" HPOS="3063" VPOS="3483" WIDTH="27"/>
						<String ID="P6_ST00712" HPOS="3090" VPOS="3436" WIDTH="145" HEIGHT="39" CONTENT="visited" WC="1.00" CC="0040000"/>
						<SP ID="P6_SP00571" HPOS="3235" VPOS="3483" WIDTH="28"/>
						<String ID="P6_ST00713" HPOS="3263" VPOS="3439" WIDTH="39" HEIGHT="44" CONTENT="it," WC="1.00" CC="000"/>
						<SP ID="P6_SP00572" HPOS="3302" VPOS="3483" WIDTH="24"/>
						<String ID="P6_ST00714" HPOS="3326" VPOS="3436" WIDTH="187" HEIGHT="39" CONTENT="students" WC="0.99" CC="30200063"/>
					</TextLine>
					<TextLine ID="P6_TL00144" HPOS="2743" VPOS="3494" WIDTH="772" HEIGHT="50">
						<String ID="P6_ST00715" HPOS="2743" VPOS="3507" WIDTH="106" HEIGHT="27" CONTENT="were" WC="1.00" CC="0000"/>
						<SP ID="P6_SP00573" HPOS="2849" VPOS="3534" WIDTH="41"/>
						<String ID="P6_ST00716" HPOS="2890" VPOS="3498" WIDTH="214" HEIGHT="46" CONTENT="preparing" WC="1.00" CC="000004000"/>
						<SP ID="P6_SP00574" HPOS="3104" VPOS="3543" WIDTH="39"/>
						<String ID="P6_ST00717" HPOS="3143" VPOS="3509" WIDTH="22" HEIGHT="25" CONTENT="a" WC="0.65" CC="3"/>
						<SP ID="P6_SP00575" HPOS="3165" VPOS="3543" WIDTH="39"/>
						<String ID="P6_ST00718" HPOS="3205" VPOS="3494" WIDTH="88" HEIGHT="41" CONTENT="dish" WC="1.00" CC="0000"/>
						<SP ID="P6_SP00576" HPOS="3293" VPOS="3543" WIDTH="43"/>
						<String ID="P6_ST00719" HPOS="3335" VPOS="3509" WIDTH="55" HEIGHT="25" CONTENT="no" WC="1.00" CC="00"/>
						<SP ID="P6_SP00577" HPOS="3391" VPOS="3543" WIDTH="41"/>
						<String ID="P6_ST00720" HPOS="3431" VPOS="3509" WIDTH="83" HEIGHT="25" CONTENT="one" WC="0.97" CC="700"/>
					</TextLine>
					<TextLine ID="P6_TL00145" HPOS="2745" VPOS="3553" WIDTH="770" HEIGHT="49">
						<String ID="P6_ST00721" HPOS="2745" VPOS="3553" WIDTH="123" HEIGHT="39" CONTENT="could" WC="1.00" CC="00000"/>
						<SP ID="P6_SP00578" HPOS="2868" VPOS="3592" WIDTH="52"/>
						<String ID="P6_ST00722" HPOS="2920" VPOS="3565" WIDTH="257" HEIGHT="36" CONTENT="pronounce;" WC="1.00" CC="0104003000"/>
						<SP ID="P6_SP00579" HPOS="3176" VPOS="3602" WIDTH="55"/>
						<String ID="P6_ST00723" HPOS="3231" VPOS="3565" WIDTH="22" HEIGHT="27" CONTENT="a" WC="1.00" CC="0"/>
						<SP ID="P6_SP00580" HPOS="3254" VPOS="3602" WIDTH="52"/>
						<String ID="P6_ST00724" HPOS="3306" VPOS="3553" WIDTH="55" HEIGHT="39" CONTENT="Ch" WC="1.00" CC="00"/>
						<SP ID="P6_SP00581" HPOS="3361" VPOS="3602" WIDTH="55"/>
						<String ID="P6_ST00725" HPOS="3416" VPOS="3565" WIDTH="99" HEIGHT="27" CONTENT="nese" WC="0.80" CC="3030"/>
					</TextLine>
					<TextLine ID="P6_TL00146" HPOS="2745" VPOS="3613" WIDTH="770" HEIGHT="47">
						<String ID="P6_ST00726" HPOS="2745" VPOS="3613" WIDTH="180" HEIGHT="46" CONTENT="kitchen," WC="0.99" CC="02150003"/>
						<SP ID="P6_SP00582" HPOS="2924" VPOS="3658" WIDTH="13"/>
						<String ID="P6_ST00727" HPOS="2937" VPOS="3613" WIDTH="137" HEIGHT="38" CONTENT="where" WC="1.00" CC="00030"/>
						<SP ID="P6_SP00583" HPOS="3074" VPOS="3658" WIDTH="16"/>
						<String ID="P6_ST00728" HPOS="3090" VPOS="3613" WIDTH="69" HEIGHT="38" CONTENT="the" WC="1.00" CC="000"/>
						<SP ID="P6_SP00584" HPOS="3159" VPOS="3658" WIDTH="19"/>
						<String ID="P6_ST00729" HPOS="3178" VPOS="3614" WIDTH="216" HEIGHT="36" CONTENT="instructor" WC="1.00" CC="0000010003"/>
						<SP ID="P6_SP00585" HPOS="3394" VPOS="3658" WIDTH="17"/>
						<String ID="P6_ST00730" HPOS="3411" VPOS="3625" WIDTH="104" HEIGHT="35" CONTENT="gave" WC="0.97" CC="0480"/>
					</TextLine>
					<TextLine ID="P6_TL00147" HPOS="2745" VPOS="3671" WIDTH="772" HEIGHT="47">
						<String ID="P6_ST00731" HPOS="2745" VPOS="3683" WIDTH="49" HEIGHT="27" CONTENT="an" WC="0.95" CC="00"/>
						<SP ID="P6_SP00586" HPOS="2794" VPOS="3710" WIDTH="24"/>
						<String ID="P6_ST00732" HPOS="2817" VPOS="3674" WIDTH="249" HEIGHT="44" CONTENT="impromptu" WC="1.00" CC="000006000"/>
						<SP ID="P6_SP00587" HPOS="3066" VPOS="3718" WIDTH="24"/>
						<String ID="P6_ST00733" HPOS="3090" VPOS="3672" WIDTH="153" HEIGHT="38" CONTENT="lecture" WC="0.99" CC="3002400"/>
						<SP ID="P6_SP00588" HPOS="3243" VPOS="3718" WIDTH="19"/>
						<String ID="P6_ST00734" HPOS="3261" VPOS="3683" WIDTH="52" HEIGHT="27" CONTENT="on" WC="0.88" CC="02"/>
						<SP ID="P6_SP00589" HPOS="3313" VPOS="3718" WIDTH="20"/>
						<String ID="P6_ST00735" HPOS="3334" VPOS="3671" WIDTH="71" HEIGHT="39" CONTENT="the" WC="1.00" CC="000"/>
						<SP ID="P6_SP00590" HPOS="3405" VPOS="3718" WIDTH="19"/>
						<String ID="P6_ST00736" HPOS="3424" VPOS="3671" WIDTH="93" HEIGHT="39" CONTENT="four" WC="1.00" CC="0020"/>
					</TextLine>
					<TextLine ID="P6_TL00148" HPOS="2743" VPOS="3726" WIDTH="771" HEIGHT="49">
						<String ID="P6_ST00737" HPOS="2743" VPOS="3732" WIDTH="181" HEIGHT="38" CONTENT="cuisines" WC="1.00" CC="60030000"/>
						<SP ID="P6_SP00591" HPOS="2924" VPOS="3770" WIDTH="52"/>
						<String ID="P6_ST00738" HPOS="2976" VPOS="3729" WIDTH="44" HEIGHT="39" CONTENT="of" WC="1.00" CC="00"/>
						<SP ID="P6_SP00592" HPOS="3020" VPOS="3770" WIDTH="57"/>
						<String ID="P6_ST00739" HPOS="3077" VPOS="3729" WIDTH="143" HEIGHT="46" CONTENT="China;" WC="0.99" CC="302500"/>
						<SP ID="P6_SP00593" HPOS="3220" VPOS="3775" WIDTH="61"/>
						<String ID="P6_ST00740" HPOS="3282" VPOS="3743" WIDTH="22" HEIGHT="25" CONTENT="a" WC="1.00" CC="0"/>
						<SP ID="P6_SP00594" HPOS="3304" VPOS="3775" WIDTH="57"/>
						<String ID="P6_ST00741" HPOS="3361" VPOS="3726" WIDTH="153" HEIGHT="44" CONTENT="Classic" WC="0.98" CC="0350970"/>
					</TextLine>
					<TextLine ID="P6_TL00149" HPOS="2745" VPOS="3787" WIDTH="767" HEIGHT="46">
						<String ID="P6_ST00742" HPOS="2745" VPOS="3787" WIDTH="164" HEIGHT="39" CONTENT="kitchen" WC="1.00" CC="0050010"/>
						<SP ID="P6_SP00595" HPOS="2909" VPOS="3827" WIDTH="47"/>
						<String ID="P6_ST00743" HPOS="2956" VPOS="3787" WIDTH="63" HEIGHT="39" CONTENT="for" WC="1.00" CC="000"/>
						<SP ID="P6_SP00596" HPOS="3019" VPOS="3827" WIDTH="46"/>
						<String ID="P6_ST00744" HPOS="3065" VPOS="3787" WIDTH="148" HEIGHT="39" CONTENT="French" WC="1.00" CC="220000"/>
						<SP ID="P6_SP00597" HPOS="3213" VPOS="3827" WIDTH="50"/>
						<String ID="P6_ST00745" HPOS="3263" VPOS="3787" WIDTH="115" HEIGHT="46" CONTENT="food;" WC="1.00" CC="00200"/>
						<SP ID="P6_SP00598" HPOS="3378" VPOS="3833" WIDTH="55"/>
						<String ID="P6_ST00746" HPOS="3433" VPOS="3787" WIDTH="79" HEIGHT="39" CONTENT="and" WC="0.96" CC="540"/>
					</TextLine>
					<TextLine ID="P6_TL00150" HPOS="2745" VPOS="3846" WIDTH="770" HEIGHT="49">
						<String ID="P6_ST00747" HPOS="2745" VPOS="3847" WIDTH="335" HEIGHT="47" CONTENT="Garde-Manger," WC="1.00" CC="6000040008001"/>
						<SP ID="P6_SP00599" HPOS="3080" VPOS="3894" WIDTH="24"/>
						<String ID="P6_ST00748" HPOS="3104" VPOS="3847" WIDTH="135" HEIGHT="38" CONTENT="where" WC="1.00" CC="00010"/>
						<SP ID="P6_SP00600" HPOS="3239" VPOS="3894" WIDTH="27"/>
						<String ID="P6_ST00749" HPOS="3266" VPOS="3846" WIDTH="115" HEIGHT="39" CONTENT="there" WC="0.98" CC="40242"/>
						<SP ID="P6_SP00601" HPOS="3381" VPOS="3894" WIDTH="27"/>
						<String ID="P6_ST00750" HPOS="3408" VPOS="3858" WIDTH="107" HEIGHT="27" CONTENT="were" WC="0.99" CC="0030"/>
					</TextLine>
					<TextLine ID="P6_TL00151" HPOS="2746" VPOS="3906" WIDTH="768" HEIGHT="39">
						<String ID="P6_ST00751" HPOS="2746" VPOS="3918" WIDTH="109" HEIGHT="27" CONTENT="rows" WC="0.97" CC="2503"/>
						<SP ID="P6_SP00602" HPOS="2855" VPOS="3945" WIDTH="54"/>
						<String ID="P6_ST00752" HPOS="2909" VPOS="3906" WIDTH="47" HEIGHT="39" CONTENT="of" WC="0.69" CC="05"/>
						<SP ID="P6_SP00603" HPOS="2956" VPOS="3945" WIDTH="55"/>
						<String ID="P6_ST00753" HPOS="3011" VPOS="3906" WIDTH="148" HEIGHT="39" CONTENT="butter" WC="0.99" CC="000204"/>
						<SP ID="P6_SP00604" HPOS="3159" VPOS="3945" WIDTH="58"/>
						<String ID="P6_ST00754" HPOS="3217" VPOS="3906" WIDTH="85" HEIGHT="39" CONTENT="and" WC="0.99" CC="030"/>
						<SP ID="P6_SP00605" HPOS="3302" VPOS="3945" WIDTH="58"/>
						<String ID="P6_ST00755" HPOS="3361" VPOS="3906" WIDTH="153" HEIGHT="39" CONTENT="tallow" WC="0.99" CC="360200"/>
					</TextLine>
					<TextLine ID="P6_TL00152" HPOS="2745" VPOS="3964" WIDTH="770" HEIGHT="47">
						<String ID="P6_ST00756" HPOS="2745" VPOS="3964" WIDTH="228" HEIGHT="47" CONTENT="sculptures" WC="0.99" CC="6203014006"/>
						<SP ID="P6_SP00606" HPOS="2973" VPOS="4011" WIDTH="38"/>
						<String ID="P6_ST00757" HPOS="3011" VPOS="3967" WIDTH="36" HEIGHT="35" CONTENT="in" WC="0.97" CC="00"/>
						<SP ID="P6_SP00607" HPOS="3047" VPOS="4011" WIDTH="39"/>
						<String ID="P6_ST00758" HPOS="3087" VPOS="3964" WIDTH="71" HEIGHT="39" CONTENT="the" WC="0.99" CC="200"/>
						<SP ID="P6_SP00608" HPOS="3157" VPOS="4011" WIDTH="36"/>
						<String ID="P6_ST00759" HPOS="3194" VPOS="3964" WIDTH="128" HEIGHT="47" CONTENT="shape" WC="1.00" CC="00000"/>
						<SP ID="P6_SP00609" HPOS="3321" VPOS="4011" WIDTH="39"/>
						<String ID="P6_ST00760" HPOS="3361" VPOS="3964" WIDTH="44" HEIGHT="39" CONTENT="of" WC="0.64" CC="07"/>
						<SP ID="P6_SP00610" HPOS="3405" VPOS="4011" WIDTH="39"/>
						<String ID="P6_ST00761" HPOS="3444" VPOS="3964" WIDTH="71" HEIGHT="39" CONTENT="the" WC="1.00" CC="000"/>
					</TextLine>
					<TextLine ID="P6_TL00153" HPOS="2746" VPOS="4022" WIDTH="276" HEIGHT="47">
						<String ID="P6_ST00762" HPOS="2746" VPOS="4022" WIDTH="153" HEIGHT="47" CONTENT="Liberty" WC="0.99" CC="3000070"/>
						<SP ID="P6_SP00611" HPOS="2899" VPOS="4069" WIDTH="31"/>
						<String ID="P6_ST00763" HPOS="2931" VPOS="4024" WIDTH="91" HEIGHT="36" CONTENT="Bell." WC="0.99" CC="00050"/>
					</TextLine>
					<TextLine ID="P6_TL00154" HPOS="2800" VPOS="4080" WIDTH="717" HEIGHT="48">
						<String ID="P6_ST00764" HPOS="2800" VPOS="4083" WIDTH="161" HEIGHT="44" CONTENT="Passing" WC="0.99" CC="0049300"/>
						<SP ID="P6_SP00612" HPOS="2961" VPOS="4128" WIDTH="46"/>
						<String ID="P6_ST00765" HPOS="3006" VPOS="4082" WIDTH="121" HEIGHT="36" CONTENT="down" WC="1.00" CC="0011"/>
						<SP ID="P6_SP00613" HPOS="3128" VPOS="4128" WIDTH="49"/>
						<String ID="P6_ST00766" HPOS="3176" VPOS="4080" WIDTH="69" HEIGHT="39" CONTENT="the" WC="0.98" CC="060"/>
						<SP ID="P6_SP00614" HPOS="3246" VPOS="4128" WIDTH="47"/>
						<String ID="P6_ST00767" HPOS="3293" VPOS="4082" WIDTH="107" HEIGHT="46" CONTENT="long," WC="0.98" CC="00570"/>
						<SP ID="P6_SP00615" HPOS="3400" VPOS="4128" WIDTH="47"/>
						<String ID="P6_ST00768" HPOS="3447" VPOS="4093" WIDTH="47" HEIGHT="25" CONTENT="an" SUBS_TYPE="HypPart1" SUBS_CONTENT="antiseptic" WC="1.00" CC="00"/>
						<HYP HPOS="3494" VPOS="4093" WIDTH="22" CONTENT="-"/>
					</TextLine>
					<TextLine ID="P6_TL00155" HPOS="2743" VPOS="4139" WIDTH="772" HEIGHT="49">
						<String ID="P6_ST00769" HPOS="2743" VPOS="4143" WIDTH="164" HEIGHT="44" CONTENT="tiseptic" SUBS_TYPE="HypPart2" SUBS_CONTENT="antiseptic" WC="0.99" CC="60100204"/>
						<SP ID="P6_SP00616" HPOS="2907" VPOS="4187" WIDTH="20"/>
						<String ID="P6_ST00770" HPOS="2928" VPOS="4140" WIDTH="213" HEIGHT="44" CONTENT="corridors," WC="1.00" CC="0000201550"/>
						<SP ID="P6_SP00617" HPOS="3140" VPOS="4187" WIDTH="20"/>
						<String ID="P6_ST00771" HPOS="3161" VPOS="4143" WIDTH="8" HEIGHT="35" CONTENT="I" WC="0.53" CC="4"/>
						<SP ID="P6_SP00618" HPOS="3169" VPOS="4187" WIDTH="24"/>
						<String ID="P6_ST00772" HPOS="3192" VPOS="4140" WIDTH="121" HEIGHT="39" CONTENT="heard" WC="1.00" CC="00040"/>
						<SP ID="P6_SP00619" HPOS="3313" VPOS="4187" WIDTH="20"/>
						<String ID="P6_ST00773" HPOS="3334" VPOS="4153" WIDTH="118" HEIGHT="27" CONTENT="some" WC="0.98" CC="5400"/>
						<SP ID="P6_SP00620" HPOS="3452" VPOS="4187" WIDTH="19"/>
						<String ID="P6_ST00774" HPOS="3471" VPOS="4139" WIDTH="44" HEIGHT="39" CONTENT="of" WC="0.80" CC="03"/>
					</TextLine>
					<TextLine ID="P6_TL00156" HPOS="2743" VPOS="4197" WIDTH="772" HEIGHT="49">
						<String ID="P6_ST00775" HPOS="2743" VPOS="4197" WIDTH="71" HEIGHT="41" CONTENT="the" WC="0.98" CC="005"/>
						<SP ID="P6_SP00621" HPOS="2814" VPOS="4238" WIDTH="22"/>
						<String ID="P6_ST00776" HPOS="2836" VPOS="4202" WIDTH="246" HEIGHT="36" CONTENT="instructor's" WC="1.00" CC="174200020005"/>
						<SP ID="P6_SP00622" HPOS="3082" VPOS="4238" WIDTH="22"/>
						<String ID="P6_ST00777" HPOS="3104" VPOS="4198" WIDTH="124" HEIGHT="47" CONTENT="litany" WC="0.99" CC="000600"/>
						<SP ID="P6_SP00623" HPOS="3228" VPOS="4246" WIDTH="17"/>
						<String ID="P6_ST00778" HPOS="3246" VPOS="4198" WIDTH="175" HEIGHT="47" CONTENT="floating" WC="0.99" CC="77043020"/>
						<SP ID="P6_SP00624" HPOS="3420" VPOS="4246" WIDTH="20"/>
						<String ID="P6_ST00779" HPOS="3441" VPOS="4206" WIDTH="74" HEIGHT="31" CONTENT="out" WC="0.98" CC="004"/>
					</TextLine>
					<TextLine ID="P6_TL00157" HPOS="2746" VPOS="4257" WIDTH="767" HEIGHT="47">
						<String ID="P6_ST00780" HPOS="2746" VPOS="4260" WIDTH="85" HEIGHT="35" CONTENT="into" WC="0.98" CC="0360"/>
						<SP ID="P6_SP00625" HPOS="2831" VPOS="4294" WIDTH="24"/>
						<String ID="P6_ST00781" HPOS="2855" VPOS="4257" WIDTH="71" HEIGHT="39" CONTENT="the" WC="1.00" CC="000"/>
						<SP ID="P6_SP00626" HPOS="2926" VPOS="4296" WIDTH="27"/>
						<String ID="P6_ST00782" HPOS="2953" VPOS="4257" WIDTH="93" HEIGHT="38" CONTENT="hall:" WC="0.99" CC="04130"/>
						<SP ID="P6_SP00627" HPOS="3046" VPOS="4296" WIDTH="28"/>
						<String ID="P6_ST00783" HPOS="3074" VPOS="4257" WIDTH="180" HEIGHT="47" CONTENT='"...chop' WC="0.99" CC="85004006"/>
						<SP ID="P6_SP00628" HPOS="3254" VPOS="4304" WIDTH="25"/>
						<String ID="P6_ST00784" HPOS="3279" VPOS="4257" WIDTH="69" HEIGHT="39" CONTENT="the" WC="0.99" CC="002"/>
						<SP ID="P6_SP00629" HPOS="3348" VPOS="4304" WIDTH="25"/>
						<String ID="P6_ST00785" HPOS="3373" VPOS="4257" WIDTH="140" HEIGHT="39" CONTENT="chives" WC="1.00" CC="000001"/>
					</TextLine>
					<TextLine ID="P6_TL00158" HPOS="2743" VPOS="4317" WIDTH="767" HEIGHT="46">
						<String ID="P6_ST00786" HPOS="2743" VPOS="4317" WIDTH="104" HEIGHT="46" CONTENT="well," WC="0.97" CC="06580"/>
						<SP ID="P6_SP00630" HPOS="2847" VPOS="4362" WIDTH="49"/>
						<String ID="P6_ST00787" HPOS="2896" VPOS="4328" WIDTH="20" HEIGHT="25" CONTENT="a" WC="1.00" CC="0"/>
						<SP ID="P6_SP00631" HPOS="2917" VPOS="4362" WIDTH="52"/>
						<String ID="P6_ST00788" HPOS="2969" VPOS="4317" WIDTH="99" HEIGHT="36" CONTENT="little" WC="0.99" CC="105200"/>
						<SP ID="P6_SP00632" HPOS="3068" VPOS="4362" WIDTH="49"/>
						<String ID="P6_ST00789" HPOS="3117" VPOS="4317" WIDTH="265" HEIGHT="46" CONTENT='coarsley...,"' WC="0.82" CC="0030060000038"/>
						<SP ID="P6_SP00633" HPOS="3381" VPOS="4362" WIDTH="50"/>
						<String ID="P6_ST00790" HPOS="3431" VPOS="4318" WIDTH="79" HEIGHT="35" CONTENT='"...I' WC="0.98" CC="80005"/>
					</TextLine>
					<TextLine ID="P6_TL00159" HPOS="2743" VPOS="4373" WIDTH="772" HEIGHT="50">
						<String ID="P6_ST00791" HPOS="2743" VPOS="4376" WIDTH="124" HEIGHT="36" CONTENT="won't" WC="1.00" CC="00000"/>
						<SP ID="P6_SP00634" HPOS="2868" VPOS="4413" WIDTH="16"/>
						<String ID="P6_ST00792" HPOS="2883" VPOS="4380" WIDTH="150" HEIGHT="43" CONTENT="accept" WC="0.99" CC="125000"/>
						<SP ID="P6_SP00635" HPOS="3033" VPOS="4422" WIDTH="16"/>
						<String ID="P6_ST00793" HPOS="3049" VPOS="4380" WIDTH="110" HEIGHT="35" CONTENT="meat" WC="1.00" CC="0000"/>
						<SP ID="P6_SP00636" HPOS="3159" VPOS="4422" WIDTH="19"/>
						<String ID="P6_ST00794" HPOS="3178" VPOS="4373" WIDTH="25" HEIGHT="39" CONTENT="if" WC="0.68" CC="06"/>
						<SP ID="P6_SP00637" HPOS="3203" VPOS="4422" WIDTH="22"/>
						<String ID="P6_ST00795" HPOS="3225" VPOS="4376" WIDTH="57" HEIGHT="36" CONTENT="it's" WC="0.99" CC="0600"/>
						<SP ID="P6_SP00638" HPOS="3282" VPOS="4422" WIDTH="22"/>
						<String ID="P6_ST00796" HPOS="3304" VPOS="4381" WIDTH="72" HEIGHT="35" CONTENT="not" WC="0.96" CC="704"/>
						<SP ID="P6_SP00639" HPOS="3376" VPOS="4422" WIDTH="17"/>
						<String ID="P6_ST00797" HPOS="3394" VPOS="4373" WIDTH="121" HEIGHT="47" CONTENT="fresh," WC="0.99" CC="300060"/>
					</TextLine>
					<TextLine ID="P6_TL00160" HPOS="2748" VPOS="4435" WIDTH="462" HEIGHT="46">
						<String ID="P6_ST00798" HPOS="2748" VPOS="4435" WIDTH="5" HEIGHT="46" CONTENT="I" WC="1.00" CC="0"/>
						<SP ID="P6_SP00640" HPOS="2753" VPOS="4480" WIDTH="31"/>
						<String ID="P6_ST00799" HPOS="2784" VPOS="4435" WIDTH="124" HEIGHT="36" CONTENT="won't" WC="0.99" CC="00303"/>
						<SP ID="P6_SP00641" HPOS="2909" VPOS="4480" WIDTH="28"/>
						<String ID="P6_ST00800" HPOS="2937" VPOS="4439" WIDTH="150" HEIGHT="41" CONTENT="accept" WC="1.00" CC="000000"/>
						<SP ID="P6_SP00642" HPOS="3087" VPOS="4480" WIDTH="30"/>
						<String ID="P6_ST00801" HPOS="3117" VPOS="4435" WIDTH="93" HEIGHT="36" CONTENT='it..."' WC="0.99" CC="000008"/>
					</TextLine>
					<TextLine ID="P6_TL00161" HPOS="2800" VPOS="4491" WIDTH="712" HEIGHT="44">
						<String ID="P6_ST00802" HPOS="2800" VPOS="4493" WIDTH="99" HEIGHT="36" CONTENT="Even" WC="0.97" CC="5700"/>
						<SP ID="P6_SP00643" HPOS="2899" VPOS="4529" WIDTH="50"/>
						<String ID="P6_ST00803" HPOS="2950" VPOS="4491" WIDTH="121" HEIGHT="38" CONTENT="lunch" WC="1.00" CC="00030"/>
						<SP ID="P6_SP00644" HPOS="3071" VPOS="4529" WIDTH="49"/>
						<String ID="P6_ST00804" HPOS="3120" VPOS="4498" WIDTH="39" HEIGHT="33" CONTENT="at" WC="0.48" CC="36"/>
						<SP ID="P6_SP00645" HPOS="3159" VPOS="4531" WIDTH="46"/>
						<String ID="P6_ST00805" HPOS="3205" VPOS="4491" WIDTH="180" HEIGHT="44" CONTENT="Johnson" WC="1.00" CC="0000000"/>
						<SP ID="P6_SP00646" HPOS="3384" VPOS="4535" WIDTH="47"/>
						<String ID="P6_ST00806" HPOS="3431" VPOS="4491" WIDTH="80" HEIGHT="38" CONTENT="and" WC="1.00" CC="000"/>
					</TextLine>
					<TextLine ID="P6_TL00162" HPOS="2742" VPOS="4550" WIDTH="767" HEIGHT="47">
						<String ID="P6_ST00807" HPOS="2742" VPOS="4550" WIDTH="137" HEIGHT="38" CONTENT="Wales" WC="0.97" CC="01736"/>
						<SP ID="P6_SP00647" HPOS="2879" VPOS="4587" WIDTH="20"/>
						<String ID="P6_ST00808" HPOS="2899" VPOS="4562" WIDTH="82" HEIGHT="25" CONTENT="was" WC="1.00" CC="000"/>
						<SP ID="P6_SP00648" HPOS="2981" VPOS="4587" WIDTH="22"/>
						<String ID="P6_ST00809" HPOS="3003" VPOS="4562" WIDTH="24" HEIGHT="25" CONTENT="a" WC="0.43" CC="5"/>
						<SP ID="P6_SP00649" HPOS="3027" VPOS="4587" WIDTH="24"/>
						<String ID="P6_ST00810" HPOS="3050" VPOS="4550" WIDTH="178" HEIGHT="47" CONTENT="learning" WC="0.99" CC="11100009"/>
						<SP ID="P6_SP00650" HPOS="3228" VPOS="4597" WIDTH="27"/>
						<String ID="P6_ST00811" HPOS="3255" VPOS="4553" WIDTH="254" HEIGHT="44" CONTENT="experience." WC="1.00" CC="00000006500"/>
					</TextLine>
					<TextLine ID="P6_TL00163" HPOS="2743" VPOS="4608" WIDTH="772" HEIGHT="49">
						<String ID="P6_ST00812" HPOS="2743" VPOS="4608" WIDTH="82" HEIGHT="39" CONTENT="The" WC="1.00" CC="000"/>
						<SP ID="P6_SP00651" HPOS="2825" VPOS="4647" WIDTH="16"/>
						<String ID="P6_ST00813" HPOS="2841" VPOS="4608" WIDTH="117" HEIGHT="46" CONTENT="food," WC="0.99" CC="50000"/>
						<SP ID="P6_SP00652" HPOS="2957" VPOS="4654" WIDTH="16"/>
						<String ID="P6_ST00814" HPOS="2973" VPOS="4608" WIDTH="44" HEIGHT="39" CONTENT="of" WC="0.88" CC="02"/>
						<SP ID="P6_SP00653" HPOS="3017" VPOS="4654" WIDTH="19"/>
						<String ID="P6_ST00815" HPOS="3036" VPOS="4620" WIDTH="159" HEIGHT="33" CONTENT="course," WC="0.99" CC="0200603"/>
						<SP ID="P6_SP00654" HPOS="3195" VPOS="4654" WIDTH="16"/>
						<String ID="P6_ST00816" HPOS="3211" VPOS="4620" WIDTH="82" HEIGHT="27" CONTENT="was" WC="0.97" CC="007"/>
						<SP ID="P6_SP00655" HPOS="3293" VPOS="4654" WIDTH="19"/>
						<String ID="P6_ST00817" HPOS="3312" VPOS="4614" WIDTH="203" HEIGHT="43" CONTENT="gourmet," WC="0.99" CC="92100001"/>
					</TextLine>
					<TextLine ID="P6_TL00164" HPOS="2742" VPOS="4666" WIDTH="770" HEIGHT="46">
						<String ID="P6_ST00818" HPOS="2742" VPOS="4666" WIDTH="80" HEIGHT="39" CONTENT="and" WC="0.97" CC="250"/>
						<SP ID="P6_SP00656" HPOS="2822" VPOS="4706" WIDTH="39"/>
						<String ID="P6_ST00819" HPOS="2861" VPOS="4666" WIDTH="71" HEIGHT="39" CONTENT="the" WC="0.98" CC="004"/>
						<SP ID="P6_SP00657" HPOS="2932" VPOS="4706" WIDTH="38"/>
						<String ID="P6_ST00820" HPOS="2970" VPOS="4669" WIDTH="170" HEIGHT="43" CONTENT="service," WC="1.00" CC="00000601"/>
						<SP ID="P6_SP00658" HPOS="3140" VPOS="4712" WIDTH="36"/>
						<String ID="P6_ST00821" HPOS="3176" VPOS="4666" WIDTH="157" HEIGHT="39" CONTENT="formal." WC="0.99" CC="0420250"/>
						<SP ID="P6_SP00659" HPOS="3334" VPOS="4712" WIDTH="47"/>
						<String ID="P6_ST00822" HPOS="3381" VPOS="4666" WIDTH="5" HEIGHT="46" CONTENT="I" WC="0.63" CC="3"/>
						<SP ID="P6_SP00660" HPOS="3386" VPOS="4712" WIDTH="44"/>
						<String ID="P6_ST00823" HPOS="3430" VPOS="4680" WIDTH="82" HEIGHT="25" CONTENT="was" WC="1.00" CC="000"/>
					</TextLine>
					<TextLine ID="P6_TL00165" HPOS="2743" VPOS="4724" WIDTH="770" HEIGHT="40">
						<String ID="P6_ST00824" HPOS="2743" VPOS="4726" WIDTH="142" HEIGHT="38" CONTENT="seated" WC="0.99" CC="602000"/>
						<SP ID="P6_SP00661" HPOS="2885" VPOS="4764" WIDTH="27"/>
						<String ID="P6_ST00825" HPOS="2912" VPOS="4732" WIDTH="39" HEIGHT="31" CONTENT="at" WC="0.87" CC="20"/>
						<SP ID="P6_SP00662" HPOS="2951" VPOS="4764" WIDTH="25"/>
						<String ID="P6_ST00826" HPOS="2976" VPOS="4726" WIDTH="69" HEIGHT="36" CONTENT="the" WC="0.98" CC="500"/>
						<SP ID="P6_SP00663" HPOS="3046" VPOS="4764" WIDTH="30"/>
						<String ID="P6_ST00827" HPOS="3076" VPOS="4724" WIDTH="104" HEIGHT="39" CONTENT="head" WC="1.00" CC="0020"/>
						<SP ID="P6_SP00664" HPOS="3180" VPOS="4764" WIDTH="30"/>
						<String ID="P6_ST00828" HPOS="3209" VPOS="4726" WIDTH="112" HEIGHT="38" CONTENT="table" WC="1.00" CC="00020"/>
						<SP ID="P6_SP00665" HPOS="3321" VPOS="4764" WIDTH="28"/>
						<String ID="P6_ST00829" HPOS="3350" VPOS="4732" WIDTH="93" HEIGHT="31" CONTENT="next" WC="1.00" CC="0000"/>
						<SP ID="P6_SP00666" HPOS="3443" VPOS="4764" WIDTH="27"/>
						<String ID="P6_ST00830" HPOS="3469" VPOS="4732" WIDTH="44" HEIGHT="31" CONTENT="to" WC="0.88" CC="02"/>
					</TextLine>
					<TextLine ID="P6_TL00166" HPOS="2745" VPOS="4783" WIDTH="765" HEIGHT="49">
						<String ID="P6_ST00831" HPOS="2745" VPOS="4786" WIDTH="120" HEIGHT="36" CONTENT="Franz" WC="0.99" CC="31300"/>
						<SP ID="P6_SP00667" HPOS="2865" VPOS="4822" WIDTH="55"/>
						<String ID="P6_ST00832" HPOS="2920" VPOS="4786" WIDTH="205" HEIGHT="44" CONTENT="Lemoine," WC="0.88" CC="00005004"/>
						<SP ID="P6_SP00668" HPOS="3124" VPOS="4830" WIDTH="54"/>
						<String ID="P6_ST00833" HPOS="3178" VPOS="4797" WIDTH="22" HEIGHT="27" CONTENT="a" WC="0.71" CC="2"/>
						<SP ID="P6_SP00669" HPOS="3200" VPOS="4830" WIDTH="55"/>
						<String ID="P6_ST00834" HPOS="3255" VPOS="4783" WIDTH="255" HEIGHT="49" CONTENT="soft-spoken" WC="1.00" CC="40100400000"/>
					</TextLine>
					<TextLine ID="P6_TL00167" HPOS="2746" VPOS="4841" WIDTH="768" HEIGHT="49">
						<String ID="P6_ST00835" HPOS="2746" VPOS="4841" WIDTH="161" HEIGHT="49" CONTENT="Belgian" WC="0.99" CC="0429010"/>
						<SP ID="P6_SP00670" HPOS="2907" VPOS="4890" WIDTH="20"/>
						<String ID="P6_ST00836" HPOS="2928" VPOS="4841" WIDTH="94" HEIGHT="39" CONTENT="who" WC="1.00" CC="000"/>
						<SP ID="P6_SP00671" HPOS="3022" VPOS="4890" WIDTH="22"/>
						<String ID="P6_ST00837" HPOS="3044" VPOS="4844" WIDTH="28" HEIGHT="36" CONTENT="is" WC="1.00" CC="00"/>
						<SP ID="P6_SP00672" HPOS="3072" VPOS="4890" WIDTH="19"/>
						<String ID="P6_ST00838" HPOS="3091" VPOS="4841" WIDTH="69" HEIGHT="41" CONTENT="the" WC="1.00" CC="000"/>
						<SP ID="P6_SP00673" HPOS="3161" VPOS="4890" WIDTH="19"/>
						<String ID="P6_ST00839" HPOS="3180" VPOS="4841" WIDTH="176" HEIGHT="41" CONTENT="director" WC="1.00" CC="00300000"/>
						<SP ID="P6_SP00674" HPOS="3356" VPOS="4890" WIDTH="20"/>
						<String ID="P6_ST00840" HPOS="3376" VPOS="4841" WIDTH="44" HEIGHT="39" CONTENT="of" WC="1.00" CC="00"/>
						<SP ID="P6_SP00675" HPOS="3420" VPOS="4890" WIDTH="22"/>
						<String ID="P6_ST00841" HPOS="3443" VPOS="4841" WIDTH="71" HEIGHT="39" CONTENT="the" WC="1.00" CC="000"/>
					</TextLine>
					<TextLine ID="P6_TL00168" HPOS="2743" VPOS="4901" WIDTH="769" HEIGHT="46">
						<String ID="P6_ST00842" HPOS="2743" VPOS="4901" WIDTH="181" HEIGHT="46" CONTENT="culinary" WC="0.99" CC="00500050"/>
						<SP ID="P6_SP00676" HPOS="2924" VPOS="4946" WIDTH="19"/>
						<String ID="P6_ST00843" HPOS="2943" VPOS="4901" WIDTH="159" HEIGHT="38" CONTENT="school." WC="1.00" CC="4100200"/>
						<SP ID="P6_SP00677" HPOS="3102" VPOS="4946" WIDTH="22"/>
						<String ID="P6_ST00844" HPOS="3124" VPOS="4902" WIDTH="236" HEIGHT="36" CONTENT="Discussion" WC="0.99" CC="0031164003"/>
						<SP ID="P6_SP00678" HPOS="3361" VPOS="4946" WIDTH="24"/>
						<String ID="P6_ST00845" HPOS="3384" VPOS="4907" WIDTH="39" HEIGHT="31" CONTENT="at" WC="1.00" CC="00"/>
						<SP ID="P6_SP00679" HPOS="3424" VPOS="4946" WIDTH="17"/>
						<String ID="P6_ST00846" HPOS="3441" VPOS="4901" WIDTH="71" HEIGHT="38" CONTENT="the" WC="1.00" CC="000"/>
					</TextLine>
					<TextLine ID="P6_TL00169" HPOS="2742" VPOS="4957" WIDTH="767" HEIGHT="49">
						<String ID="P6_ST00847" HPOS="2742" VPOS="4957" WIDTH="112" HEIGHT="39" CONTENT="table" WC="1.00" CC="00100"/>
						<SP ID="P6_SP00680" HPOS="2854" VPOS="4997" WIDTH="17"/>
						<String ID="P6_ST00848" HPOS="2871" VPOS="4957" WIDTH="195" HEIGHT="39" CONTENT="centered" WC="1.00" CC="00000300"/>
						<SP ID="P6_SP00681" HPOS="3066" VPOS="4997" WIDTH="16"/>
						<String ID="P6_ST00849" HPOS="3082" VPOS="4970" WIDTH="52" HEIGHT="27" CONTENT="on" WC="1.00" CC="00"/>
						<SP ID="P6_SP00682" HPOS="3134" VPOS="4997" WIDTH="22"/>
						<String ID="P6_ST00850" HPOS="3156" VPOS="4957" WIDTH="115" HEIGHT="49" CONTENT="food," WC="1.00" CC="00000"/>
						<SP ID="P6_SP00683" HPOS="3271" VPOS="5006" WIDTH="17"/>
						<String ID="P6_ST00851" HPOS="3288" VPOS="4959" WIDTH="44" HEIGHT="38" CONTENT="of" WC="1.00" CC="00"/>
						<SP ID="P6_SP00684" HPOS="3332" VPOS="5006" WIDTH="19"/>
						<String ID="P6_ST00852" HPOS="3351" VPOS="4970" WIDTH="157" HEIGHT="27" CONTENT="course." WC="1.00" CC="0000400"/>
					</TextLine>
					<TextLine ID="P6_TL00170" HPOS="2742" VPOS="5016" WIDTH="767" HEIGHT="49">
						<String ID="P6_ST00853" HPOS="2742" VPOS="5019" WIDTH="162" HEIGHT="46" CONTENT="Among" WC="0.98" CC="00046"/>
						<SP ID="P6_SP00685" HPOS="2904" VPOS="5065" WIDTH="14"/>
						<String ID="P6_ST00854" HPOS="2918" VPOS="5016" WIDTH="71" HEIGHT="39" CONTENT="the" WC="1.00" CC="000"/>
						<SP ID="P6_SP00686" HPOS="2989" VPOS="5065" WIDTH="14"/>
						<String ID="P6_ST00855" HPOS="3003" VPOS="5020" WIDTH="137" HEIGHT="44" CONTENT="topics" WC="1.00" CC="000013"/>
						<SP ID="P6_SP00687" HPOS="3140" VPOS="5065" WIDTH="19"/>
						<String ID="P6_ST00856" HPOS="3159" VPOS="5016" WIDTH="44" HEIGHT="41" CONTENT="of" WC="1.00" CC="00"/>
						<SP ID="P6_SP00688" HPOS="3203" VPOS="5065" WIDTH="17"/>
						<String ID="P6_ST00857" HPOS="3220" VPOS="5020" WIDTH="288" HEIGHT="36" CONTENT="conversation" WC="1.00" CC="000001603000"/>
					</TextLine>
					<TextLine ID="P6_TL00171" HPOS="2742" VPOS="5076" WIDTH="772" HEIGHT="46">
						<String ID="P6_ST00858" HPOS="2742" VPOS="5088" WIDTH="104" HEIGHT="27" CONTENT="were" WC="1.00" CC="0000"/>
						<SP ID="P6_SP00689" HPOS="2846" VPOS="5115" WIDTH="19"/>
						<String ID="P6_ST00859" HPOS="2865" VPOS="5076" WIDTH="249" HEIGHT="46" CONTENT="techniques" WC="1.00" CC="0000000304"/>
						<SP ID="P6_SP00690" HPOS="3113" VPOS="5121" WIDTH="19"/>
						<String ID="P6_ST00860" HPOS="3132" VPOS="5076" WIDTH="44" HEIGHT="39" CONTENT="of" WC="0.90" CC="10"/>
						<SP ID="P6_SP00691" HPOS="3176" VPOS="5121" WIDTH="19"/>
						<String ID="P6_ST00861" HPOS="3195" VPOS="5076" WIDTH="164" HEIGHT="39" CONTENT="famous" WC="0.99" CC="300040"/>
						<SP ID="P6_SP00692" HPOS="3359" VPOS="5121" WIDTH="24"/>
						<String ID="P6_ST00862" HPOS="3383" VPOS="5076" WIDTH="131" HEIGHT="46" CONTENT="chefs," WC="1.00" CC="000001"/>
					</TextLine>
				</TextBlock>
				<TextBlock ID="P6_TB00012" HPOS="3548" VPOS="405" WIDTH="824" HEIGHT="824" language="en" STYLEREFS="TXT_0 PAR_BLOCK">
					<TextLine ID="P6_TL00172" HPOS="3591" VPOS="414" WIDTH="762" HEIGHT="48">
						<String ID="P6_ST00863" HPOS="3591" VPOS="419" WIDTH="246" HEIGHT="33" CONTENT="restaurants" WC="1.00" CC="04000000033"/>
						<SP ID="P6_SP00693" HPOS="3836" VPOS="452" WIDTH="27"/>
						<String ID="P6_ST00864" HPOS="3863" VPOS="416" WIDTH="35" HEIGHT="36" CONTENT="in" WC="1.00" CC="00"/>
						<SP ID="P6_SP00694" HPOS="3898" VPOS="452" WIDTH="27"/>
						<String ID="P6_ST00865" HPOS="3924" VPOS="414" WIDTH="69" HEIGHT="39" CONTENT="the" WC="1.00" CC="000"/>
						<SP ID="P6_SP00695" HPOS="3994" VPOS="454" WIDTH="27"/>
						<String ID="P6_ST00866" HPOS="4020" VPOS="427" WIDTH="104" HEIGHT="35" CONTENT="area," WC="1.00" CC="00002"/>
						<SP ID="P6_SP00696" HPOS="4124" VPOS="461" WIDTH="24"/>
						<String ID="P6_ST00867" HPOS="4148" VPOS="416" WIDTH="79" HEIGHT="39" CONTENT="and" WC="0.97" CC="260"/>
						<SP ID="P6_SP00697" HPOS="4227" VPOS="461" WIDTH="27"/>
						<String ID="P6_ST00868" HPOS="4254" VPOS="414" WIDTH="99" HEIGHT="43" CONTENT="food" WC="0.99" CC="5000"/>
					</TextLine>
					<TextLine ID="P6_TL00173" HPOS="3589" VPOS="471" WIDTH="765" HEIGHT="44">
						<String ID="P6_ST00869" HPOS="3589" VPOS="477" WIDTH="41" HEIGHT="33" CONTENT="at" WC="0.96" CC="00"/>
						<SP ID="P6_SP00698" HPOS="3630" VPOS="510" WIDTH="16"/>
						<String ID="P6_ST00870" HPOS="3646" VPOS="471" WIDTH="71" HEIGHT="39" CONTENT="the" WC="1.00" CC="000"/>
						<SP ID="P6_SP00699" HPOS="3717" VPOS="510" WIDTH="19"/>
						<String ID="P6_ST00871" HPOS="3735" VPOS="474" WIDTH="123" HEIGHT="38" CONTENT="A.C.I." WC="0.97" CC="001000"/>
						<SP ID="P6_SP00700" HPOS="3858" VPOS="512" WIDTH="22"/>
						<String ID="P6_ST00872" HPOS="3880" VPOS="476" WIDTH="72" HEIGHT="36" CONTENT="We" WC="1.00" CC="00"/>
						<SP ID="P6_SP00701" HPOS="3953" VPOS="512" WIDTH="19"/>
						<String ID="P6_ST00873" HPOS="3972" VPOS="479" WIDTH="66" HEIGHT="33" CONTENT="ate" WC="1.00" CC="100"/>
						<SP ID="P6_SP00702" HPOS="4038" VPOS="512" WIDTH="22"/>
						<String ID="P6_ST00874" HPOS="4060" VPOS="485" WIDTH="49" HEIGHT="27" CONTENT="an" WC="0.74" CC="50"/>
						<SP ID="P6_SP00703" HPOS="4109" VPOS="512" WIDTH="25"/>
						<String ID="P6_ST00875" HPOS="4134" VPOS="487" WIDTH="220" HEIGHT="28" CONTENT="enormous" WC="1.00" CC="00000045"/>
					</TextLine>
					<TextLine ID="P6_TL00174" HPOS="3589" VPOS="529" WIDTH="762" HEIGHT="49">
						<String ID="P6_ST00876" HPOS="3589" VPOS="529" WIDTH="104" HEIGHT="39" CONTENT="meal" WC="0.99" CC="0020"/>
						<SP ID="P6_SP00704" HPOS="3693" VPOS="569" WIDTH="36"/>
						<String ID="P6_ST00877" HPOS="3729" VPOS="529" WIDTH="46" HEIGHT="39" CONTENT="of" WC="0.73" CC="05"/>
						<SP ID="P6_SP00705" HPOS="3775" VPOS="569" WIDTH="33"/>
						<String ID="P6_ST00878" HPOS="3808" VPOS="537" WIDTH="109" HEIGHT="41" CONTENT="pate," WC="1.00" CC="00000"/>
						<SP ID="P6_SP00706" HPOS="3917" VPOS="578" WIDTH="31"/>
						<String ID="P6_ST00879" HPOS="3948" VPOS="545" WIDTH="24" HEIGHT="25" CONTENT="a" WC="1.00" CC="0"/>
						<SP ID="P6_SP00707" HPOS="3972" VPOS="578" WIDTH="31"/>
						<String ID="P6_ST00880" HPOS="4003" VPOS="532" WIDTH="157" HEIGHT="38" CONTENT="Middle" WC="1.00" CC="000020"/>
						<SP ID="P6_SP00708" HPOS="4161" VPOS="578" WIDTH="36"/>
						<String ID="P6_ST00881" HPOS="4197" VPOS="535" WIDTH="154" HEIGHT="36" CONTENT="Eastern" WC="1.00" CC="0040000"/>
					</TextLine>
					<TextLine ID="P6_TL00175" HPOS="3587" VPOS="587" WIDTH="769" HEIGHT="53">
						<String ID="P6_ST00882" HPOS="3587" VPOS="600" WIDTH="106" HEIGHT="36" CONTENT="soup" WC="0.98" CC="2260"/>
						<SP ID="P6_SP00709" HPOS="3693" VPOS="636" WIDTH="17"/>
						<String ID="P6_ST00883" HPOS="3710" VPOS="587" WIDTH="96" HEIGHT="39" CONTENT="with" WC="1.00" CC="0000"/>
						<SP ID="P6_SP00710" HPOS="3806" VPOS="636" WIDTH="22"/>
						<String ID="P6_ST00884" HPOS="3828" VPOS="589" WIDTH="123" HEIGHT="47" CONTENT="lamb," WC="0.99" CC="00042"/>
						<SP ID="P6_SP00711" HPOS="3951" VPOS="636" WIDTH="20"/>
						<String ID="P6_ST00885" HPOS="3972" VPOS="589" WIDTH="172" HEIGHT="41" CONTENT="chicken" WC="1.00" CC="0100000"/>
						<SP ID="P6_SP00712" HPOS="4143" VPOS="636" WIDTH="25"/>
						<String ID="P6_ST00886" HPOS="4169" VPOS="594" WIDTH="36" HEIGHT="36" CONTENT="in" WC="1.00" CC="00"/>
						<SP ID="P6_SP00713" HPOS="4205" VPOS="636" WIDTH="24"/>
						<String ID="P6_ST00887" HPOS="4228" VPOS="605" WIDTH="128" HEIGHT="35" CONTENT="paper" WC="0.99" CC="03000"/>
					</TextLine>
					<TextLine ID="P6_TL00176" HPOS="3589" VPOS="649" WIDTH="762" HEIGHT="46">
						<String ID="P6_ST00888" HPOS="3589" VPOS="649" WIDTH="101" HEIGHT="46" CONTENT="(yes," WC="0.98" CC="70042"/>
						<SP ID="P6_SP00714" HPOS="3690" VPOS="694" WIDTH="16"/>
						<String ID="P6_ST00889" HPOS="3706" VPOS="650" WIDTH="36" HEIGHT="35" CONTENT="in" WC="0.81" CC="03"/>
						<SP ID="P6_SP00715" HPOS="3742" VPOS="694" WIDTH="17"/>
						<String ID="P6_ST00890" HPOS="3759" VPOS="652" WIDTH="157" HEIGHT="43" CONTENT="paper)," WC="1.00" CC="0000050"/>
						<SP ID="P6_SP00716" HPOS="3917" VPOS="694" WIDTH="13"/>
						<String ID="P6_ST00891" HPOS="3929" VPOS="650" WIDTH="118" HEIGHT="44" CONTENT="wine," WC="1.00" CC="00000"/>
						<SP ID="P6_SP00717" HPOS="4047" VPOS="694" WIDTH="19"/>
						<String ID="P6_ST00892" HPOS="4066" VPOS="649" WIDTH="191" HEIGHT="39" CONTENT="Poireaux" WC="0.89" CC="10000033" STYLEREFS="TXT_3"/>
						<SP ID="P6_SP00718" HPOS="4257" VPOS="694" WIDTH="17"/>
						<String ID="P6_ST00893" HPOS="4274" VPOS="663" WIDTH="24" HEIGHT="25" CONTENT="a" WC="1.00" CC="0" STYLEREFS="TXT_3"/>
						<SP ID="P6_SP00719" HPOS="4298" VPOS="694" WIDTH="20"/>
						<String ID="P6_ST00894" HPOS="4318" VPOS="649" WIDTH="33" HEIGHT="41" CONTENT="la" WC="0.96" CC="00" STYLEREFS="TXT_3"/>
					</TextLine>
					<TextLine ID="P6_TL00177" HPOS="3589" VPOS="704" WIDTH="762" HEIGHT="49">
						<String ID="P6_ST00895" HPOS="3589" VPOS="704" WIDTH="222" HEIGHT="41" CONTENT="Bechamel" WC="1.00" CC="00040004" STYLEREFS="TXT_3"/>
						<SP ID="P6_SP00720" HPOS="3811" VPOS="745" WIDTH="55"/>
						<String ID="P6_ST00896" HPOS="3866" VPOS="707" WIDTH="225" HEIGHT="46" CONTENT="Gratinees," WC="0.76" CC="1000029630" STYLEREFS="TXT_3"/>
						<SP ID="P6_SP00721" HPOS="4091" VPOS="753" WIDTH="52"/>
						<String ID="P6_ST00897" HPOS="4143" VPOS="710" WIDTH="208" HEIGHT="43" CONTENT="(creamed" WC="1.00" CC="30000000"/>
					</TextLine>
					<TextLine ID="P6_TL00178" HPOS="3589" VPOS="762" WIDTH="762" HEIGHT="51">
						<String ID="P6_ST00898" HPOS="3589" VPOS="762" WIDTH="120" HEIGHT="41" CONTENT="leeks" WC="1.00" CC="40000"/>
						<SP ID="P6_SP00722" HPOS="3709" VPOS="803" WIDTH="52"/>
						<String ID="P6_ST00899" HPOS="3761" VPOS="765" WIDTH="172" HEIGHT="47" CONTENT="topped" WC="1.00" CC="040000"/>
						<SP ID="P6_SP00723" HPOS="3932" VPOS="813" WIDTH="50"/>
						<String ID="P6_ST00900" HPOS="3983" VPOS="765" WIDTH="106" HEIGHT="39" CONTENT="with" WC="0.99" CC="3000"/>
						<SP ID="P6_SP00724" HPOS="4088" VPOS="813" WIDTH="55"/>
						<String ID="P6_ST00901" HPOS="4143" VPOS="765" WIDTH="208" HEIGHT="41" CONTENT="buttered" WC="0.99" CC="06410000"/>
					</TextLine>
					<TextLine ID="P6_TL00179" HPOS="3587" VPOS="822" WIDTH="765" HEIGHT="49">
						<String ID="P6_ST00902" HPOS="3587" VPOS="822" WIDTH="153" HEIGHT="38" CONTENT="cheese" WC="1.00" CC="020000"/>
						<SP ID="P6_SP00725" HPOS="3740" VPOS="860" WIDTH="47"/>
						<String ID="P6_ST00903" HPOS="3787" VPOS="824" WIDTH="175" HEIGHT="38" CONTENT="crumbs." WC="1.00" CC="0000000"/>
						<SP ID="P6_SP00726" HPOS="3962" VPOS="861" WIDTH="57"/>
						<String ID="P6_ST00904" HPOS="4019" VPOS="825" WIDTH="80" HEIGHT="38" CONTENT="Not" WC="0.98" CC="500"/>
						<SP ID="P6_SP00727" HPOS="4099" VPOS="863" WIDTH="50"/>
						<String ID="P6_ST00905" HPOS="4150" VPOS="824" WIDTH="93" HEIGHT="47" CONTENT="bad," WC="0.99" CC="0500"/>
						<SP ID="P6_SP00728" HPOS="4243" VPOS="871" WIDTH="49"/>
						<String ID="P6_ST00906" HPOS="4291" VPOS="824" WIDTH="61" HEIGHT="39" CONTENT="for" WC="0.98" CC="401"/>
					</TextLine>
					<TextLine ID="P6_TL00180" HPOS="3587" VPOS="879" WIDTH="621" HEIGHT="49">
						<String ID="P6_ST00907" HPOS="3587" VPOS="879" WIDTH="140" HEIGHT="49" CONTENT="leeks)," WC="1.00" CC="0000340"/>
						<SP ID="P6_SP00729" HPOS="3728" VPOS="928" WIDTH="27"/>
						<String ID="P6_ST00908" HPOS="3754" VPOS="880" WIDTH="153" HEIGHT="47" CONTENT="coffee," WC="0.99" CC="0022004"/>
						<SP ID="P6_SP00730" HPOS="3907" VPOS="928" WIDTH="27"/>
						<String ID="P6_ST00909" HPOS="3934" VPOS="880" WIDTH="79" HEIGHT="39" CONTENT="and" WC="1.00" CC="000"/>
						<SP ID="P6_SP00731" HPOS="4013" VPOS="928" WIDTH="30"/>
						<String ID="P6_ST00910" HPOS="4043" VPOS="882" WIDTH="165" HEIGHT="38" CONTENT="dessert." WC="1.00" CC="00340000"/>
					</TextLine>
					<TextLine ID="P6_TL00181" HPOS="3641" VPOS="937" WIDTH="710" HEIGHT="49">
						<String ID="P6_ST00911" HPOS="3641" VPOS="940" WIDTH="151" HEIGHT="46" CONTENT="During" WC="1.00" CC="001000"/>
						<SP ID="P6_SP00732" HPOS="3792" VPOS="986" WIDTH="22"/>
						<String ID="P6_ST00912" HPOS="3814" VPOS="937" WIDTH="71" HEIGHT="41" CONTENT="the" WC="1.00" CC="000"/>
						<SP ID="P6_SP00733" HPOS="3885" VPOS="986" WIDTH="25"/>
						<String ID="P6_ST00913" HPOS="3910" VPOS="939" WIDTH="104" HEIGHT="39" CONTENT="meal" WC="0.99" CC="0101"/>
						<SP ID="P6_SP00734" HPOS="4014" VPOS="986" WIDTH="31"/>
						<String ID="P6_ST00914" HPOS="4046" VPOS="942" WIDTH="8" HEIGHT="36" CONTENT="I" WC="1.00" CC="0"/>
						<SP ID="P6_SP00735" HPOS="4054" VPOS="986" WIDTH="25"/>
						<String ID="P6_ST00915" HPOS="4079" VPOS="940" WIDTH="272" HEIGHT="39" CONTENT="was,assured" WC="0.80" CC="00370540000"/>
					</TextLine>
					<TextLine ID="P6_TL00182" HPOS="3586" VPOS="995" WIDTH="765" HEIGHT="46">
						<String ID="P6_ST00916" HPOS="3586" VPOS="995" WIDTH="87" HEIGHT="38" CONTENT="that" WC="0.99" CC="4000"/>
						<SP ID="P6_SP00736" HPOS="3672" VPOS="1033" WIDTH="49"/>
						<String ID="P6_ST00917" HPOS="3721" VPOS="997" WIDTH="178" HEIGHT="44" CONTENT="Johnson" WC="0.99" CC="3004501"/>
						<SP ID="P6_SP00737" HPOS="3899" VPOS="1041" WIDTH="55"/>
						<String ID="P6_ST00918" HPOS="3954" VPOS="997" WIDTH="79" HEIGHT="38" CONTENT="and" WC="0.99" CC="020"/>
						<SP ID="P6_SP00738" HPOS="4033" VPOS="1041" WIDTH="52"/>
						<String ID="P6_ST00919" HPOS="4085" VPOS="997" WIDTH="135" HEIGHT="39" CONTENT="Wales" WC="1.00" CC="00100"/>
						<SP ID="P6_SP00739" HPOS="4220" VPOS="1041" WIDTH="49"/>
						<String ID="P6_ST00920" HPOS="4269" VPOS="1013" WIDTH="82" HEIGHT="24" CONTENT="was" WC="1.00" CC="000"/>
					</TextLine>
					<TextLine ID="P6_TL00183" HPOS="3586" VPOS="1055" WIDTH="765" HEIGHT="46">
						<String ID="P6_ST00921" HPOS="3586" VPOS="1057" WIDTH="165" HEIGHT="44" CONTENT="moving" WC="1.00" CC="000060"/>
						<SP ID="P6_SP00740" HPOS="3751" VPOS="1101" WIDTH="35"/>
						<String ID="P6_ST00922" HPOS="3786" VPOS="1068" WIDTH="55" HEIGHT="33" CONTENT="up" WC="0.69" CC="60"/>
						<SP ID="P6_SP00741" HPOS="3841" VPOS="1101" WIDTH="38"/>
						<String ID="P6_ST00923" HPOS="3879" VPOS="1058" WIDTH="36" HEIGHT="35" CONTENT="in" WC="1.00" CC="00"/>
						<SP ID="P6_SP00742" HPOS="3915" VPOS="1101" WIDTH="38"/>
						<String ID="P6_ST00924" HPOS="3953" VPOS="1055" WIDTH="69" HEIGHT="38" CONTENT="the" WC="0.99" CC="200"/>
						<SP ID="P6_SP00743" HPOS="4022" VPOS="1101" WIDTH="36"/>
						<String ID="P6_ST00925" HPOS="4058" VPOS="1055" WIDTH="101" HEIGHT="39" CONTENT="food" WC="0.99" CC="3030"/>
						<SP ID="P6_SP00744" HPOS="4159" VPOS="1101" WIDTH="38"/>
						<String ID="P6_ST00926" HPOS="4197" VPOS="1060" WIDTH="154" HEIGHT="36" CONTENT="service" WC="1.00" CC="4000100"/>
					</TextLine>
					<TextLine ID="P6_TL00184" HPOS="3586" VPOS="1112" WIDTH="765" HEIGHT="49">
						<String ID="P6_ST00927" HPOS="3586" VPOS="1112" WIDTH="224" HEIGHT="49" CONTENT="hierarchy," WC="1.00" CC="0000000001"/>
						<SP ID="P6_SP00745" HPOS="3809" VPOS="1161" WIDTH="41"/>
						<String ID="P6_ST00928" HPOS="3850" VPOS="1113" WIDTH="79" HEIGHT="39" CONTENT="and" WC="1.00" CC="000"/>
						<SP ID="P6_SP00746" HPOS="3929" VPOS="1161" WIDTH="43"/>
						<String ID="P6_ST00929" HPOS="3972" VPOS="1113" WIDTH="137" HEIGHT="39" CONTENT="would" WC="0.99" CC="00520"/>
						<SP ID="P6_SP00747" HPOS="4109" VPOS="1161" WIDTH="43"/>
						<String ID="P6_ST00930" HPOS="4151" VPOS="1128" WIDTH="104" HEIGHT="25" CONTENT="soon" WC="1.00" CC="0000"/>
						<SP ID="P6_SP00748" HPOS="4255" VPOS="1161" WIDTH="44"/>
						<String ID="P6_ST00931" HPOS="4299" VPOS="1115" WIDTH="52" HEIGHT="39" CONTENT="be" WC="0.69" CC="60"/>
					</TextLine>
					<TextLine ID="P6_TL00185" HPOS="3586" VPOS="1170" WIDTH="765" HEIGHT="51">
						<String ID="P6_ST00932" HPOS="3586" VPOS="1170" WIDTH="131" HEIGHT="41" CONTENT="better" WC="1.00" CC="100002"/>
						<SP ID="P6_SP00749" HPOS="3717" VPOS="1211" WIDTH="55"/>
						<String ID="P6_ST00933" HPOS="3772" VPOS="1170" WIDTH="98" HEIGHT="39" CONTENT="than" WC="1.00" CC="0000"/>
						<SP ID="P6_SP00750" HPOS="3869" VPOS="1211" WIDTH="61"/>
						<String ID="P6_ST00934" HPOS="3931" VPOS="1175" WIDTH="47" HEIGHT="36" CONTENT="its" WC="0.98" CC="006"/>
						<SP ID="P6_SP00751" HPOS="3978" VPOS="1211" WIDTH="60"/>
						<String ID="P6_ST00935" HPOS="4038" VPOS="1172" WIDTH="143" HEIGHT="49" CONTENT="largest" WC="1.00" CC="1000005"/>
						<SP ID="P6_SP00752" HPOS="4181" VPOS="1220" WIDTH="58"/>
						<String ID="P6_ST00936" HPOS="4239" VPOS="1186" WIDTH="112" HEIGHT="27" CONTENT="com-" WC="0.99" CC="0600"/>
					</TextLine>
				</TextBlock>
				<TextBlock ID="P6_TB00013" HPOS="3573" VPOS="3085" WIDTH="808" HEIGHT="2035" language="en" STYLEREFS="TXT_0 PAR_BLOCK">
					<TextLine ID="P6_TL00186" HPOS="3598" VPOS="3085" WIDTH="764" HEIGHT="46">
						<String ID="P6_ST00937" HPOS="3598" VPOS="3085" WIDTH="274" HEIGHT="46" CONTENT="petitor—the" WC="1.00" CC="00000008000"/>
						<SP ID="P6_SP00753" HPOS="3872" VPOS="3131" WIDTH="35"/>
						<String ID="P6_ST00938" HPOS="3907" VPOS="3088" WIDTH="121" HEIGHT="38" CONTENT="C.I.A." WC="0.95" CC="200000"/>
						<SP ID="P6_SP00754" HPOS="4028" VPOS="3131" WIDTH="41"/>
						<String ID="P6_ST00939" HPOS="4069" VPOS="3101" WIDTH="14" HEIGHT="25" CONTENT="v" WC="0.31" CC="6"/>
						<SP ID="P6_SP00755" HPOS="4083" VPOS="3131" WIDTH="61"/>
						<String ID="P6_ST00940" HPOS="4145" VPOS="3101" WIDTH="49" HEIGHT="27" CONTENT="en" WC="0.84" CC="03"/>
						<SP ID="P6_SP00756" HPOS="4194" VPOS="3131" WIDTH="44"/>
						<String ID="P6_ST00941" HPOS="4238" VPOS="3085" WIDTH="5" HEIGHT="46" CONTENT="I" WC="1.00" CC="0"/>
						<SP ID="P6_SP00757" HPOS="4243" VPOS="3131" WIDTH="39"/>
						<String ID="P6_ST00942" HPOS="4282" VPOS="3102" WIDTH="80" HEIGHT="27" CONTENT="was" WC="1.00" CC="000"/>
					</TextLine>
					<TextLine ID="P6_TL00187" HPOS="3595" VPOS="3142" WIDTH="765" HEIGHT="55">
						<String ID="P6_ST00943" HPOS="3595" VPOS="3142" WIDTH="112" HEIGHT="39" CONTENT="done" WC="0.98" CC="6000"/>
						<SP ID="P6_SP00758" HPOS="3707" VPOS="3181" WIDTH="22"/>
						<String ID="P6_ST00944" HPOS="3729" VPOS="3143" WIDTH="178" HEIGHT="49" CONTENT="choking" WC="1.00" CC="0010000"/>
						<SP ID="P6_SP00759" HPOS="3907" VPOS="3192" WIDTH="22"/>
						<String ID="P6_ST00945" HPOS="3929" VPOS="3159" WIDTH="52" HEIGHT="25" CONTENT="on" WC="0.91" CC="10"/>
						<SP ID="P6_SP00760" HPOS="3981" VPOS="3192" WIDTH="25"/>
						<String ID="P6_ST00946" HPOS="4006" VPOS="3159" WIDTH="22" HEIGHT="27" CONTENT="a" WC="1.00" CC="0"/>
						<SP ID="P6_SP00761" HPOS="4028" VPOS="3192" WIDTH="24"/>
						<String ID="P6_ST00947" HPOS="4052" VPOS="3145" WIDTH="112" HEIGHT="43" CONTENT="heart" WC="0.99" CC="00022"/>
						<SP ID="P6_SP00762" HPOS="4164" VPOS="3192" WIDTH="22"/>
						<String ID="P6_ST00948" HPOS="4186" VPOS="3148" WIDTH="43" HEIGHT="39" CONTENT="of" WC="0.69" CC="06"/>
						<SP ID="P6_SP00763" HPOS="4228" VPOS="3192" WIDTH="25"/>
						<String ID="P6_ST00949" HPOS="4254" VPOS="3150" WIDTH="106" HEIGHT="47" CONTENT="palm" WC="0.98" CC="0007"/>
					</TextLine>
					<TextLine ID="P6_TL00188" HPOS="3594" VPOS="3202" WIDTH="765" HEIGHT="50">
						<String ID="P6_ST00950" HPOS="3594" VPOS="3202" WIDTH="128" HEIGHT="47" CONTENT="salad," WC="0.99" CC="302004"/>
						<SP ID="P6_SP00764" HPOS="3721" VPOS="3249" WIDTH="31"/>
						<String ID="P6_ST00951" HPOS="3753" VPOS="3206" WIDTH="27" HEIGHT="35" CONTENT="it" WC="0.70" CC="05"/>
						<SP ID="P6_SP00765" HPOS="3780" VPOS="3249" WIDTH="30"/>
						<String ID="P6_ST00952" HPOS="3809" VPOS="3216" WIDTH="80" HEIGHT="25" CONTENT="was" WC="0.98" CC="032"/>
						<SP ID="P6_SP00766" HPOS="3890" VPOS="3249" WIDTH="31"/>
						<String ID="P6_ST00953" HPOS="3921" VPOS="3205" WIDTH="216" HEIGHT="47" CONTENT="explained" WC="1.00" CC="000200100"/>
						<SP ID="P6_SP00767" HPOS="4137" VPOS="3252" WIDTH="33"/>
						<String ID="P6_ST00954" HPOS="4170" VPOS="3206" WIDTH="88" HEIGHT="39" CONTENT="that" WC="0.99" CC="0032"/>
						<SP ID="P6_SP00768" HPOS="4258" VPOS="3252" WIDTH="33"/>
						<String ID="P6_ST00955" HPOS="4291" VPOS="3208" WIDTH="68" HEIGHT="39" CONTENT="the" WC="0.98" CC="400"/>
					</TextLine>
					<TextLine ID="P6_TL00189" HPOS="3594" VPOS="3260" WIDTH="766" HEIGHT="50">
						<String ID="P6_ST00956" HPOS="3594" VPOS="3260" WIDTH="123" HEIGHT="39" CONTENT="C.I.A." WC="0.93" CC="004000"/>
						<SP ID="P6_SP00769" HPOS="3717" VPOS="3299" WIDTH="30"/>
						<String ID="P6_ST00957" HPOS="3746" VPOS="3263" WIDTH="30" HEIGHT="36" CONTENT="is" WC="1.00" CC="00"/>
						<SP ID="P6_SP00770" HPOS="3776" VPOS="3299" WIDTH="22"/>
						<String ID="P6_ST00958" HPOS="3798" VPOS="3261" WIDTH="72" HEIGHT="38" CONTENT="the" WC="1.00" CC="000"/>
						<SP ID="P6_SP00771" HPOS="3871" VPOS="3299" WIDTH="24"/>
						<String ID="P6_ST00959" HPOS="3894" VPOS="3261" WIDTH="186" HEIGHT="49" CONTENT="Culinary" WC="0.99" CC="00406201"/>
						<SP ID="P6_SP00772" HPOS="4080" VPOS="3310" WIDTH="28"/>
						<String ID="P6_ST00960" HPOS="4109" VPOS="3266" WIDTH="184" HEIGHT="38" CONTENT="Institute" WC="0.99" CC="402001600"/>
						<SP ID="P6_SP00773" HPOS="4293" VPOS="3310" WIDTH="24"/>
						<String ID="P6_ST00961" HPOS="4317" VPOS="3266" WIDTH="43" HEIGHT="38" CONTENT="of" WC="0.75" CC="04"/>
					</TextLine>
					<TextLine ID="P6_TL00190" HPOS="3594" VPOS="3318" WIDTH="767" HEIGHT="54">
						<String ID="P6_ST00962" HPOS="3594" VPOS="3320" WIDTH="202" HEIGHT="46" CONTENT="America," WC="1.00" CC="00000002"/>
						<SP ID="P6_SP00774" HPOS="3795" VPOS="3365" WIDTH="31"/>
						<String ID="P6_ST00963" HPOS="3827" VPOS="3318" WIDTH="71" HEIGHT="41" CONTENT="the" WC="0.99" CC="300"/>
						<SP ID="P6_SP00775" HPOS="3898" VPOS="3365" WIDTH="31"/>
						<String ID="P6_ST00964" HPOS="3929" VPOS="3320" WIDTH="135" HEIGHT="41" CONTENT="oldest" WC="1.00" CC="050000"/>
						<SP ID="P6_SP00776" HPOS="4065" VPOS="3365" WIDTH="35"/>
						<String ID="P6_ST00965" HPOS="4099" VPOS="3323" WIDTH="77" HEIGHT="39" CONTENT="and" WC="0.99" CC="100"/>
						<SP ID="P6_SP00777" HPOS="4176" VPOS="3365" WIDTH="41"/>
						<String ID="P6_ST00966" HPOS="4217" VPOS="3324" WIDTH="143" HEIGHT="47" CONTENT="largest" WC="0.99" CC="5010060"/>
					</TextLine>
					<TextLine ID="P6_TL00191" HPOS="3594" VPOS="3376" WIDTH="762" HEIGHT="56">
						<String ID="P6_ST00967" HPOS="3594" VPOS="3376" WIDTH="183" HEIGHT="49" CONTENT="culinary" WC="1.00" CC="00500000"/>
						<SP ID="P6_SP00778" HPOS="3776" VPOS="3425" WIDTH="33"/>
						<String ID="P6_ST00968" HPOS="3809" VPOS="3378" WIDTH="142" HEIGHT="39" CONTENT="school" WC="1.00" CC="000005"/>
						<SP ID="P6_SP00779" HPOS="3951" VPOS="3425" WIDTH="43"/>
						<String ID="P6_ST00969" HPOS="3994" VPOS="3383" WIDTH="35" HEIGHT="43" CONTENT="ip" WC="0.61" CC="07"/>
						<SP ID="P6_SP00780" HPOS="4028" VPOS="3425" WIDTH="39"/>
						<String ID="P6_ST00970" HPOS="4068" VPOS="3380" WIDTH="69" HEIGHT="41" CONTENT="the" WC="1.00" CC="000"/>
						<SP ID="P6_SP00781" HPOS="4137" VPOS="3425" WIDTH="38"/>
						<String ID="P6_ST00971" HPOS="4175" VPOS="3389" WIDTH="181" HEIGHT="43" CONTENT="country." WC="0.99" CC="00402502"/>
					</TextLine>
					<TextLine ID="P6_TL00192" HPOS="3647" VPOS="3436" WIDTH="713" HEIGHT="46">
						<String ID="P6_ST00972" HPOS="3647" VPOS="3438" WIDTH="74" HEIGHT="38" CONTENT="But" WC="1.00" CC="000"/>
						<SP ID="P6_SP00782" HPOS="3721" VPOS="3476" WIDTH="30"/>
						<String ID="P6_ST00973" HPOS="3751" VPOS="3436" WIDTH="180" HEIGHT="46" CONTENT="Johnson" WC="1.00" CC="0000500"/>
						<SP ID="P6_SP00783" HPOS="3931" VPOS="3482" WIDTH="33"/>
						<String ID="P6_ST00974" HPOS="3964" VPOS="3439" WIDTH="80" HEIGHT="39" CONTENT="and" WC="0.99" CC="100"/>
						<SP ID="P6_SP00784" HPOS="4044" VPOS="3482" WIDTH="31"/>
						<String ID="P6_ST00975" HPOS="4076" VPOS="3441" WIDTH="134" HEIGHT="39" CONTENT="Wales" WC="0.99" CC="00005"/>
						<SP ID="P6_SP00785" HPOS="4209" VPOS="3482" WIDTH="33"/>
						<String ID="P6_ST00976" HPOS="4243" VPOS="3441" WIDTH="117" HEIGHT="41" CONTENT="holds" WC="0.99" CC="00405"/>
					</TextLine>
					<TextLine ID="P6_TL00193" HPOS="3594" VPOS="3496" WIDTH="762" HEIGHT="49">
						<String ID="P6_ST00977" HPOS="3594" VPOS="3496" WIDTH="46" HEIGHT="38" CONTENT="its" WC="0.98" CC="006"/>
						<SP ID="P6_SP00786" HPOS="3639" VPOS="3534" WIDTH="50"/>
						<String ID="P6_ST00978" HPOS="3690" VPOS="3507" WIDTH="104" HEIGHT="27" CONTENT="own." WC="0.99" CC="4000"/>
						<SP ID="P6_SP00787" HPOS="3794" VPOS="3534" WIDTH="54"/>
						<String ID="P6_ST00979" HPOS="3847" VPOS="3496" WIDTH="82" HEIGHT="39" CONTENT="The" WC="1.00" CC="000"/>
						<SP ID="P6_SP00788" HPOS="3929" VPOS="3535" WIDTH="52"/>
						<String ID="P6_ST00980" HPOS="3981" VPOS="3498" WIDTH="181" HEIGHT="47" CONTENT="culinary" WC="1.00" CC="03200030"/>
						<SP ID="P6_SP00789" HPOS="4162" VPOS="3545" WIDTH="50"/>
						<String ID="P6_ST00981" HPOS="4213" VPOS="3499" WIDTH="143" HEIGHT="39" CONTENT="school" WC="0.99" CC="400006"/>
					</TextLine>
					<TextLine ID="P6_TL00194" HPOS="3594" VPOS="3554" WIDTH="765" HEIGHT="52">
						<String ID="P6_ST00982" HPOS="3594" VPOS="3559" WIDTH="164" HEIGHT="33" CONTENT="attracts" WC="0.99" CC="00402006"/>
						<SP ID="P6_SP00790" HPOS="3757" VPOS="3592" WIDTH="19"/>
						<String ID="P6_ST00983" HPOS="3776" VPOS="3554" WIDTH="187" HEIGHT="41" CONTENT="students" WC="1.00" CC="31000003"/>
						<SP ID="P6_SP00791" HPOS="3964" VPOS="3595" WIDTH="19"/>
						<String ID="P6_ST00984" HPOS="3983" VPOS="3556" WIDTH="102" HEIGHT="39" CONTENT="from" WC="0.99" CC="0120"/>
						<SP ID="P6_SP00792" HPOS="4085" VPOS="3595" WIDTH="14"/>
						<String ID="P6_ST00985" HPOS="4099" VPOS="3562" WIDTH="260" HEIGHT="44" CONTENT="'twenty-one" WC="1.00" CC="40000003100"/>
					</TextLine>
					<TextLine ID="P6_TL00195" HPOS="3592" VPOS="3614" WIDTH="765" HEIGHT="49">
						<String ID="P6_ST00986" HPOS="3592" VPOS="3619" WIDTH="137" HEIGHT="39" CONTENT="states," WC="0.99" CC="0160050"/>
						<SP ID="P6_SP00793" HPOS="3729" VPOS="3658" WIDTH="22"/>
						<String ID="P6_ST00987" HPOS="3751" VPOS="3614" WIDTH="77" HEIGHT="36" CONTENT="and" WC="0.98" CC="140"/>
						<SP ID="P6_SP00794" HPOS="3828" VPOS="3658" WIDTH="27"/>
						<String ID="P6_ST00988" HPOS="3855" VPOS="3614" WIDTH="145" HEIGHT="38" CONTENT="fifteen" WC="1.00" CC="0020000"/>
						<SP ID="P6_SP00795" HPOS="4000" VPOS="3658" WIDTH="28"/>
						<String ID="P6_ST00989" HPOS="4028" VPOS="3624" WIDTH="169" HEIGHT="39" CONTENT="percent" WC="1.00" CC="0000004"/>
						<SP ID="P6_SP00796" HPOS="4197" VPOS="3663" WIDTH="24"/>
						<String ID="P6_ST00990" HPOS="4220" VPOS="3617" WIDTH="43" HEIGHT="38" CONTENT="of" WC="1.00" CC="00"/>
						<SP ID="P6_SP00797" HPOS="4263" VPOS="3663" WIDTH="25"/>
						<String ID="P6_ST00991" HPOS="4288" VPOS="3617" WIDTH="69" HEIGHT="39" CONTENT="the" WC="1.00" CC="000"/>
					</TextLine>
					<TextLine ID="P6_TL00196" HPOS="3591" VPOS="3671" WIDTH="767" HEIGHT="54">
						<String ID="P6_ST00992" HPOS="3591" VPOS="3671" WIDTH="186" HEIGHT="39" CONTENT="students" WC="1.00" CC="00100003"/>
						<SP ID="P6_SP00798" HPOS="3776" VPOS="3710" WIDTH="17"/>
						<String ID="P6_ST00993" HPOS="3794" VPOS="3685" WIDTH="68" HEIGHT="25" CONTENT="are" WC="1.00" CC="000"/>
						<SP ID="P6_SP00799" HPOS="3861" VPOS="3710" WIDTH="14"/>
						<String ID="P6_ST00994" HPOS="3876" VPOS="3672" WIDTH="164" HEIGHT="39" CONTENT="female." WC="1.00" CC="2000200"/>
						<SP ID="P6_SP00800" HPOS="4039" VPOS="3712" WIDTH="19"/>
						<String ID="P6_ST00995" HPOS="4058" VPOS="3676" WIDTH="131" HEIGHT="38" CONTENT="That's" WC="1.00" CC="000001"/>
						<SP ID="P6_SP00801" HPOS="4189" VPOS="3713" WIDTH="20"/>
						<String ID="P6_ST00996" HPOS="4209" VPOS="3690" WIDTH="20" HEIGHT="24" CONTENT="a" WC="1.00" CC="0"/>
						<SP ID="P6_SP00802" HPOS="4230" VPOS="3713" WIDTH="22"/>
						<String ID="P6_ST00997" HPOS="4252" VPOS="3676" WIDTH="106" HEIGHT="49" CONTENT="large" WC="0.99" CC="60000"/>
					</TextLine>
					<TextLine ID="P6_TL00197" HPOS="3591" VPOS="3734" WIDTH="767" HEIGHT="46">
						<String ID="P6_ST00998" HPOS="3591" VPOS="3737" WIDTH="276" HEIGHT="43" CONTENT="percentage" WC="1.00" CC="0040001000"/>
						<SP ID="P6_SP00803" HPOS="3866" VPOS="3780" WIDTH="79"/>
						<String ID="P6_ST00999" HPOS="3945" VPOS="3735" WIDTH="39" HEIGHT="35" CONTENT="in" WC="1.00" CC="00"/>
						<SP ID="P6_SP00804" HPOS="3984" VPOS="3780" WIDTH="82"/>
						<String ID="P6_ST01000" HPOS="4066" VPOS="3734" WIDTH="76" HEIGHT="38" CONTENT="the" WC="1.00" CC="100"/>
						<SP ID="P6_SP00805" HPOS="4142" VPOS="3780" WIDTH="80"/>
						<String ID="P6_ST01001" HPOS="4222" VPOS="3735" WIDTH="109" HEIGHT="38" CONTENT="male" SUBS_TYPE="HypPart1" SUBS_CONTENT="maledominated" WC="0.99" CC="0640"/>
						<HYP HPOS="4331" VPOS="3735" WIDTH="27" CONTENT="-"/>
					</TextLine>
					<TextLine ID="P6_TL00198" HPOS="3589" VPOS="3787" WIDTH="762" HEIGHT="45">
						<String ID="P6_ST01002" HPOS="3589" VPOS="3787" WIDTH="241" HEIGHT="41" CONTENT="dominated" SUBS_TYPE="HypPart2" SUBS_CONTENT="maledominated" WC="1.00" CC="000060000"/>
						<SP ID="P6_SP00806" HPOS="3830" VPOS="3828" WIDTH="24"/>
						<String ID="P6_ST01003" HPOS="3854" VPOS="3789" WIDTH="124" HEIGHT="41" CONTENT="world" WC="0.99" CC="01030"/>
						<SP ID="P6_SP00807" HPOS="3978" VPOS="3830" WIDTH="24"/>
						<String ID="P6_ST01004" HPOS="4002" VPOS="3789" WIDTH="44" HEIGHT="41" CONTENT="of" WC="0.88" CC="02"/>
						<SP ID="P6_SP00808" HPOS="4046" VPOS="3830" WIDTH="20"/>
						<String ID="P6_ST01005" HPOS="4066" VPOS="3791" WIDTH="285" HEIGHT="41" CONTENT="haut-cuisine." WC="0.89" CC="5002000000050" STYLEREFS="TXT_3"/>
					</TextLine>
					<TextLine ID="P6_TL00199" HPOS="3641" VPOS="3847" WIDTH="712" HEIGHT="46">
						<String ID="P6_ST01006" HPOS="3641" VPOS="3849" WIDTH="49" HEIGHT="36" CONTENT="At" WC="0.88" CC="02"/>
						<SP ID="P6_SP00809" HPOS="3690" VPOS="3885" WIDTH="17"/>
						<String ID="P6_ST01007" HPOS="3707" VPOS="3847" WIDTH="99" HEIGHT="39" CONTENT="both" WC="0.99" CC="2010"/>
						<SP ID="P6_SP00810" HPOS="3806" VPOS="3887" WIDTH="19"/>
						<String ID="P6_ST01008" HPOS="3825" VPOS="3849" WIDTH="178" HEIGHT="44" CONTENT="Johnson" WC="0.99" CC="3004410"/>
						<SP ID="P6_SP00811" HPOS="4003" VPOS="3893" WIDTH="17"/>
						<String ID="P6_ST01009" HPOS="4020" VPOS="3849" WIDTH="235" HEIGHT="43" CONTENT="and-Wales" WC="0.76" CC="400400605"/>
						<SP ID="P6_SP00812" HPOS="4255" VPOS="3893" WIDTH="19"/>
						<String ID="P6_ST01010" HPOS="4274" VPOS="3852" WIDTH="79" HEIGHT="39" CONTENT="and" WC="1.00" CC="000"/>
					</TextLine>
					<TextLine ID="P6_TL00200" HPOS="3591" VPOS="3906" WIDTH="762" HEIGHT="46">
						<String ID="P6_ST01011" HPOS="3591" VPOS="3906" WIDTH="121" HEIGHT="46" CONTENT="RISD," WC="0.68" CC="84100"/>
						<SP ID="P6_SP00813" HPOS="3712" VPOS="3951" WIDTH="30"/>
						<String ID="P6_ST01012" HPOS="3742" VPOS="3906" WIDTH="69" HEIGHT="39" CONTENT="the" WC="1.00" CC="000"/>
						<SP ID="P6_SP00814" HPOS="3811" VPOS="3951" WIDTH="30"/>
						<String ID="P6_ST01013" HPOS="3841" VPOS="3909" WIDTH="187" HEIGHT="38" CONTENT="students" WC="1.00" CC="00000005"/>
						<SP ID="P6_SP00815" HPOS="4028" VPOS="3951" WIDTH="31"/>
						<String ID="P6_ST01014" HPOS="4060" VPOS="3909" WIDTH="115" HEIGHT="39" CONTENT="share" WC="0.99" CC="20500"/>
						<SP ID="P6_SP00816" HPOS="4175" VPOS="3951" WIDTH="31"/>
						<String ID="P6_ST01015" HPOS="4206" VPOS="3923" WIDTH="22" HEIGHT="25" CONTENT="a" WC="1.00" CC="0"/>
						<SP ID="P6_SP00817" HPOS="4228" VPOS="3951" WIDTH="35"/>
						<String ID="P6_ST01016" HPOS="4263" VPOS="3910" WIDTH="90" HEIGHT="39" CONTENT="love" WC="0.99" CC="2000"/>
					</TextLine>
					<TextLine ID="P6_TL00201" HPOS="3587" VPOS="3962" WIDTH="767" HEIGHT="52">
						<String ID="P6_ST01017" HPOS="3587" VPOS="3962" WIDTH="61" HEIGHT="39" CONTENT="for" WC="0.98" CC="202"/>
						<SP ID="P6_SP00818" HPOS="3649" VPOS="4002" WIDTH="39"/>
						<String ID="P6_ST01018" HPOS="3688" VPOS="3965" WIDTH="189" HEIGHT="47" CONTENT="cooking." WC="0.99" CC="43000090"/>
						<SP ID="P6_SP00819" HPOS="3877" VPOS="4013" WIDTH="44"/>
						<String ID="P6_ST01019" HPOS="3921" VPOS="3967" WIDTH="107" HEIGHT="47" CONTENT="They" WC="1.00" CC="0000"/>
						<SP ID="P6_SP00820" HPOS="4028" VPOS="4014" WIDTH="39"/>
						<String ID="P6_ST01020" HPOS="4068" VPOS="3980" WIDTH="66" HEIGHT="27" CONTENT="are" WC="0.97" CC="330"/>
						<SP ID="P6_SP00821" HPOS="4134" VPOS="4014" WIDTH="39"/>
						<String ID="P6_ST01021" HPOS="4173" VPOS="3969" WIDTH="87" HEIGHT="38" CONTENT="also" WC="0.99" CC="0300"/>
						<SP ID="P6_SP00822" HPOS="4260" VPOS="4014" WIDTH="39"/>
						<String ID="P6_ST01022" HPOS="4299" VPOS="3976" WIDTH="38" HEIGHT="31" CONTENT="at" SUBS_TYPE="HypPart1" SUBS_CONTENT="attracted" WC="1.00" CC="00"/>
						<HYP HPOS="4337" VPOS="3976" WIDTH="17" CONTENT="-"/>
					</TextLine>
					<TextLine ID="P6_TL00202" HPOS="3586" VPOS="4024" WIDTH="765" HEIGHT="52">
						<String ID="P6_ST01023" HPOS="3586" VPOS="4024" WIDTH="156" HEIGHT="38" CONTENT="tracted" SUBS_TYPE="HypPart2" SUBS_CONTENT="attracted" WC="0.99" CC="0530000"/>
						<SP ID="P6_SP00823" HPOS="3742" VPOS="4061" WIDTH="22"/>
						<String ID="P6_ST01024" HPOS="3764" VPOS="4030" WIDTH="43" HEIGHT="31" CONTENT="to" WC="0.79" CC="40"/>
						<SP ID="P6_SP00824" HPOS="3806" VPOS="4061" WIDTH="20"/>
						<String ID="P6_ST01025" HPOS="3827" VPOS="4024" WIDTH="180" HEIGHT="49" CONTENT="culinary" WC="1.00" CC="02100030"/>
						<SP ID="P6_SP00825" HPOS="4006" VPOS="4072" WIDTH="19"/>
						<String ID="P6_ST01026" HPOS="4025" VPOS="4025" WIDTH="165" HEIGHT="41" CONTENT="schools" WC="0.99" CC="6000054"/>
						<SP ID="P6_SP00826" HPOS="4191" VPOS="4072" WIDTH="20"/>
						<String ID="P6_ST01027" HPOS="4211" VPOS="4027" WIDTH="50" HEIGHT="49" CONTENT="by" WC="1.00" CC="00"/>
						<SP ID="P6_SP00827" HPOS="4261" VPOS="4076" WIDTH="20"/>
						<String ID="P6_ST01028" HPOS="4282" VPOS="4028" WIDTH="69" HEIGHT="38" CONTENT="the" WC="1.00" CC="000"/>
					</TextLine>
					<TextLine ID="P6_TL00203" HPOS="3589" VPOS="4080" WIDTH="763" HEIGHT="54">
						<String ID="P6_ST01029" HPOS="3589" VPOS="4080" WIDTH="82" HEIGHT="39" CONTENT="lure" WC="0.98" CC="3300"/>
						<SP ID="P6_SP00828" HPOS="3671" VPOS="4120" WIDTH="27"/>
						<String ID="P6_ST01030" HPOS="3698" VPOS="4082" WIDTH="44" HEIGHT="38" CONTENT="of" WC="0.70" CC="50"/>
						<SP ID="P6_SP00829" HPOS="3742" VPOS="4120" WIDTH="30"/>
						<String ID="P6_ST01031" HPOS="3772" VPOS="4083" WIDTH="109" HEIGHT="46" CONTENT="good" WC="1.00" CC="0000"/>
						<SP ID="P6_SP00830" HPOS="3880" VPOS="4129" WIDTH="33"/>
						<String ID="P6_ST01032" HPOS="3913" VPOS="4083" WIDTH="102" HEIGHT="46" CONTENT="jobs." WC="0.99" CC="10310"/>
						<SP ID="P6_SP00831" HPOS="4016" VPOS="4129" WIDTH="31"/>
						<String ID="P6_ST01033" HPOS="4047" VPOS="4085" WIDTH="231" HEIGHT="49" CONTENT="According" WC="1.00" CC="000000005"/>
						<SP ID="P6_SP00832" HPOS="4279" VPOS="4134" WIDTH="30"/>
						<String ID="P6_ST01034" HPOS="4309" VPOS="4093" WIDTH="43" HEIGHT="33" CONTENT="to" WC="0.81" CC="03"/>
					</TextLine>
					<TextLine ID="P6_TL00204" HPOS="3586" VPOS="4142" WIDTH="765" HEIGHT="47">
						<String ID="P6_ST01035" HPOS="3586" VPOS="4142" WIDTH="71" HEIGHT="36" CONTENT="Mr." WC="0.99" CC="030"/>
						<SP ID="P6_SP00833" HPOS="3657" VPOS="4178" WIDTH="31"/>
						<String ID="P6_ST01036" HPOS="3688" VPOS="4143" WIDTH="191" HEIGHT="36" CONTENT="Lemoine" WC="0.83" CC="5400200"/>
						<SP ID="P6_SP00834" HPOS="3879" VPOS="4180" WIDTH="25"/>
						<String ID="P6_ST01037" HPOS="3904" VPOS="4143" WIDTH="80" HEIGHT="36" CONTENT="and" WC="0.99" CC="200"/>
						<SP ID="P6_SP00835" HPOS="3984" VPOS="4180" WIDTH="25"/>
						<String ID="P6_ST01038" HPOS="4009" VPOS="4145" WIDTH="72" HEIGHT="36" CONTENT="Mr." WC="1.00" CC="000"/>
						<SP ID="P6_SP00836" HPOS="4082" VPOS="4181" WIDTH="30"/>
						<String ID="P6_ST01039" HPOS="4112" VPOS="4145" WIDTH="99" HEIGHT="44" CONTENT="Falk," WC="1.00" CC="00000"/>
						<SP ID="P6_SP00837" HPOS="4211" VPOS="4189" WIDTH="27"/>
						<String ID="P6_ST01040" HPOS="4238" VPOS="4145" WIDTH="113" HEIGHT="38" CONTENT="there" WC="0.99" CC="25002"/>
					</TextLine>
					<TextLine ID="P6_TL00205" HPOS="3587" VPOS="4198" WIDTH="764" HEIGHT="43">
						<String ID="P6_ST01041" HPOS="3587" VPOS="4200" WIDTH="28" HEIGHT="36" CONTENT="is" WC="0.68" CC="06"/>
						<SP ID="P6_SP00838" HPOS="3616" VPOS="4236" WIDTH="52"/>
						<String ID="P6_ST01042" HPOS="3668" VPOS="4198" WIDTH="151" HEIGHT="39" CONTENT="alwahs" WC="0.82" CC="600004"/>
						<SP ID="P6_SP00839" HPOS="3819" VPOS="4238" WIDTH="54"/>
						<String ID="P6_ST01043" HPOS="3872" VPOS="4214" WIDTH="20" HEIGHT="24" CONTENT="a" WC="1.00" CC="0"/>
						<SP ID="P6_SP00840" HPOS="3893" VPOS="4238" WIDTH="50"/>
						<String ID="P6_ST01044" HPOS="3943" VPOS="4200" WIDTH="181" HEIGHT="41" CONTENT="demand" WC="1.00" CC="000500"/>
						<SP ID="P6_SP00841" HPOS="4124" VPOS="4241" WIDTH="52"/>
						<String ID="P6_ST01045" HPOS="4176" VPOS="4202" WIDTH="61" HEIGHT="39" CONTENT="for" WC="0.99" CC="010"/>
						<SP ID="P6_SP00842" HPOS="4238" VPOS="4241" WIDTH="52"/>
						<String ID="P6_ST01046" HPOS="4290" VPOS="4216" WIDTH="41" HEIGHT="25" CONTENT="ex" SUBS_TYPE="HypPart1" SUBS_CONTENT="experienced" WC="1.00" CC="00"/>
						<HYP HPOS="4331" VPOS="4216" WIDTH="20" CONTENT="-"/>
					</TextLine>
					<TextLine ID="P6_TL00206" HPOS="3586" VPOS="4258" WIDTH="765" HEIGHT="50">
						<String ID="P6_ST01047" HPOS="3586" VPOS="4258" WIDTH="220" HEIGHT="44" CONTENT="perienced" SUBS_TYPE="HypPart2" SUBS_CONTENT="experienced" WC="0.99" CC="904004000"/>
						<SP ID="P6_SP00843" HPOS="3806" VPOS="4302" WIDTH="22"/>
						<String ID="P6_ST01048" HPOS="3828" VPOS="4258" WIDTH="80" HEIGHT="39" CONTENT="and" WC="0.99" CC="200"/>
						<SP ID="P6_SP00844" HPOS="3909" VPOS="4302" WIDTH="22"/>
						<String ID="P6_ST01049" HPOS="3931" VPOS="4258" WIDTH="265" HEIGHT="41" CONTENT="well-trained" WC="1.00" CC="001240000000"/>
						<SP ID="P6_SP00845" HPOS="4195" VPOS="4302" WIDTH="27"/>
						<String ID="P6_ST01050" HPOS="4222" VPOS="4261" WIDTH="129" HEIGHT="47" CONTENT="chefs," WC="0.99" CC="060013"/>
					</TextLine>
					<TextLine ID="P6_TL00207" HPOS="3586" VPOS="4315" WIDTH="764" HEIGHT="50">
						<String ID="P6_ST01051" HPOS="3586" VPOS="4317" WIDTH="77" HEIGHT="36" CONTENT="and" WC="0.98" CC="600"/>
						<SP ID="P6_SP00846" HPOS="3663" VPOS="4353" WIDTH="30"/>
						<String ID="P6_ST01052" HPOS="3693" VPOS="4315" WIDTH="87" HEIGHT="39" CONTENT="that" WC="0.98" CC="0043"/>
						<SP ID="P6_SP00847" HPOS="3780" VPOS="4354" WIDTH="31"/>
						<String ID="P6_ST01053" HPOS="3811" VPOS="4317" WIDTH="102" HEIGHT="39" CONTENT="their" WC="0.98" CC="60032"/>
						<SP ID="P6_SP00848" HPOS="3913" VPOS="4356" WIDTH="28"/>
						<String ID="P6_ST01054" HPOS="3942" VPOS="4318" WIDTH="217" HEIGHT="47" CONTENT="graduates" WC="0.99" CC="915030601"/>
						<SP ID="P6_SP00849" HPOS="4159" VPOS="4365" WIDTH="30"/>
						<String ID="P6_ST01055" HPOS="4189" VPOS="4320" WIDTH="76" HEIGHT="39" CONTENT="will" WC="1.00" CC="0000"/>
						<SP ID="P6_SP00850" HPOS="4265" VPOS="4365" WIDTH="35"/>
						<String ID="P6_ST01056" HPOS="4299" VPOS="4321" WIDTH="50" HEIGHT="39" CONTENT="be" WC="0.72" CC="50"/>
					</TextLine>
					<TextLine ID="P6_TL00208" HPOS="3584" VPOS="4375" WIDTH="765" HEIGHT="52">
						<String ID="P6_ST01057" HPOS="3584" VPOS="4375" WIDTH="197" HEIGHT="47" CONTENT="prepared" WC="1.00" CC="40100000"/>
						<SP ID="P6_SP00851" HPOS="3781" VPOS="4422" WIDTH="46"/>
						<String ID="P6_ST01058" HPOS="3827" VPOS="4375" WIDTH="63" HEIGHT="39" CONTENT="for" WC="1.00" CC="000"/>
						<SP ID="P6_SP00852" HPOS="3890" VPOS="4422" WIDTH="47"/>
						<String ID="P6_ST01059" HPOS="3937" VPOS="4389" WIDTH="156" HEIGHT="28" CONTENT="careers" WC="0.99" CC="0413302"/>
						<SP ID="P6_SP00853" HPOS="4093" VPOS="4422" WIDTH="50"/>
						<String ID="P6_ST01060" HPOS="4143" VPOS="4381" WIDTH="35" HEIGHT="35" CONTENT="in" WC="1.00" CC="00"/>
						<SP ID="P6_SP00854" HPOS="4178" VPOS="4422" WIDTH="50"/>
						<String ID="P6_ST01061" HPOS="4228" VPOS="4392" WIDTH="121" HEIGHT="35" CONTENT="every" WC="1.00" CC="03000"/>
					</TextLine>
					<TextLine ID="P6_TL00209" HPOS="3583" VPOS="4431" WIDTH="762" HEIGHT="54">
						<String ID="P6_ST01062" HPOS="3583" VPOS="4431" WIDTH="110" HEIGHT="39" CONTENT="facet" WC="0.99" CC="04202"/>
						<SP ID="P6_SP00855" HPOS="3693" VPOS="4471" WIDTH="16"/>
						<String ID="P6_ST01063" HPOS="3709" VPOS="4431" WIDTH="44" HEIGHT="39" CONTENT="of" WC="1.00" CC="00"/>
						<SP ID="P6_SP00856" HPOS="3753" VPOS="4471" WIDTH="17"/>
						<String ID="P6_ST01064" HPOS="3770" VPOS="4433" WIDTH="69" HEIGHT="39" CONTENT="the" WC="0.99" CC="200"/>
						<SP ID="P6_SP00857" HPOS="3839" VPOS="4472" WIDTH="19"/>
						<String ID="P6_ST01065" HPOS="3858" VPOS="4433" WIDTH="101" HEIGHT="41" CONTENT="food" WC="0.99" CC="1110"/>
						<SP ID="P6_SP00858" HPOS="3959" VPOS="4474" WIDTH="20"/>
						<String ID="P6_ST01066" HPOS="3980" VPOS="4439" WIDTH="154" HEIGHT="36" CONTENT="service" WC="1.00" CC="0020000"/>
						<SP ID="P6_SP00859" HPOS="4134" VPOS="4476" WIDTH="22"/>
						<String ID="P6_ST01067" HPOS="4156" VPOS="4438" WIDTH="189" HEIGHT="47" CONTENT="industry." WC="1.00" CC="000100300"/>
					</TextLine>
					<TextLine ID="P6_TL00210" HPOS="3583" VPOS="4491" WIDTH="764" HEIGHT="52">
						<String ID="P6_ST01068" HPOS="3583" VPOS="4491" WIDTH="176" HEIGHT="44" CONTENT="Johnson" WC="0.99" CC="6400530"/>
						<SP ID="P6_SP00860" HPOS="3759" VPOS="4535" WIDTH="55"/>
						<String ID="P6_ST01069" HPOS="3814" VPOS="4493" WIDTH="80" HEIGHT="39" CONTENT="and" WC="0.97" CC="610"/>
						<SP ID="P6_SP00861" HPOS="3894" VPOS="4535" WIDTH="52"/>
						<String ID="P6_ST01070" HPOS="3946" VPOS="4493" WIDTH="134" HEIGHT="41" CONTENT="Wales" WC="0.99" CC="02007"/>
						<SP ID="P6_SP00862" HPOS="4080" VPOS="4535" WIDTH="52"/>
						<String ID="P6_ST01071" HPOS="4132" VPOS="4496" WIDTH="214" HEIGHT="47" CONTENT="graduates" WC="0.99" CC="855020003"/>
					</TextLine>
					<TextLine ID="P6_TL00211" HPOS="3583" VPOS="4548" WIDTH="765" HEIGHT="54">
						<String ID="P6_ST01072" HPOS="3583" VPOS="4548" WIDTH="102" HEIGHT="39" CONTENT="have" WC="0.98" CC="0305"/>
						<SP ID="P6_SP00863" HPOS="3685" VPOS="4587" WIDTH="19"/>
						<String ID="P6_ST01073" HPOS="3704" VPOS="4562" WIDTH="109" HEIGHT="35" CONTENT="gone" WC="0.96" CC="8061"/>
						<SP ID="P6_SP00864" HPOS="3813" VPOS="4597" WIDTH="17"/>
						<String ID="P6_ST01074" HPOS="3830" VPOS="4564" WIDTH="52" HEIGHT="25" CONTENT="on" WC="0.86" CC="20"/>
						<SP ID="P6_SP00865" HPOS="3882" VPOS="4597" WIDTH="22"/>
						<String ID="P6_ST01075" HPOS="3904" VPOS="4557" WIDTH="44" HEIGHT="33" CONTENT="to" WC="1.00" CC="00"/>
						<SP ID="P6_SP00866" HPOS="3948" VPOS="4597" WIDTH="19"/>
						<String ID="P6_ST01076" HPOS="3967" VPOS="4565" WIDTH="22" HEIGHT="25" CONTENT="a" WC="0.50" CC="4"/>
						<SP ID="P6_SP00867" HPOS="3989" VPOS="4597" WIDTH="19"/>
						<String ID="P6_ST01077" HPOS="4008" VPOS="4556" WIDTH="151" HEIGHT="46" CONTENT="variety" WC="0.99" CC="0500300"/>
						<SP ID="P6_SP00868" HPOS="4159" VPOS="4602" WIDTH="20"/>
						<String ID="P6_ST01078" HPOS="4180" VPOS="4554" WIDTH="44" HEIGHT="38" CONTENT="of" WC="1.00" CC="00"/>
						<SP ID="P6_SP00869" HPOS="4224" VPOS="4602" WIDTH="22"/>
						<String ID="P6_ST01079" HPOS="4246" VPOS="4554" WIDTH="102" HEIGHT="47" CONTENT="jobs," WC="1.00" CC="00200"/>
					</TextLine>
					<TextLine ID="P6_TL00212" HPOS="3581" VPOS="4609" WIDTH="765" HEIGHT="48">
						<String ID="P6_ST01080" HPOS="3581" VPOS="4611" WIDTH="165" HEIGHT="46" CONTENT="ranging" WC="0.98" CC="0559059"/>
						<SP ID="P6_SP00870" HPOS="3746" VPOS="4657" WIDTH="36"/>
						<String ID="P6_ST01081" HPOS="3783" VPOS="4609" WIDTH="102" HEIGHT="39" CONTENT="from" WC="0.99" CC="4000"/>
						<SP ID="P6_SP00871" HPOS="3885" VPOS="4657" WIDTH="39"/>
						<String ID="P6_ST01082" HPOS="3924" VPOS="4611" WIDTH="106" HEIGHT="39" CONTENT="head" WC="0.99" CC="2030"/>
						<SP ID="P6_SP00872" HPOS="4030" VPOS="4657" WIDTH="39"/>
						<String ID="P6_ST01083" HPOS="4069" VPOS="4613" WIDTH="96" HEIGHT="38" CONTENT="chef" WC="0.99" CC="0005"/>
						<SP ID="P6_SP00873" HPOS="4165" VPOS="4657" WIDTH="36"/>
						<String ID="P6_ST01084" HPOS="4202" VPOS="4620" WIDTH="39" HEIGHT="31" CONTENT="at" WC="1.00" CC="00"/>
						<SP ID="P6_SP00874" HPOS="4241" VPOS="4657" WIDTH="36"/>
						<String ID="P6_ST01085" HPOS="4277" VPOS="4614" WIDTH="69" HEIGHT="39" CONTENT="the" WC="1.00" CC="000"/>
					</TextLine>
					<TextLine ID="P6_TL00213" HPOS="3583" VPOS="4666" WIDTH="780" HEIGHT="51">
						<String ID="P6_ST01086" HPOS="3583" VPOS="4666" WIDTH="231" HEIGHT="41" CONTENT="Pawtucket" WC="0.99" CC="060205000"/>
						<SP ID="P6_SP00875" HPOS="3814" VPOS="4707" WIDTH="14"/>
						<String ID="P6_ST01087" HPOS="3828" VPOS="4669" WIDTH="181" HEIGHT="47" CONTENT="Country" WC="1.00" CC="0000030"/>
						<SP ID="P6_SP00876" HPOS="4009" VPOS="4717" WIDTH="14"/>
						<String ID="P6_ST01088" HPOS="4024" VPOS="4669" WIDTH="115" HEIGHT="47" CONTENT="Club," WC="1.00" CC="00002"/>
						<SP ID="P6_SP00877" HPOS="4139" VPOS="4717" WIDTH="16"/>
						<String ID="P6_ST01089" HPOS="4154" VPOS="4672" WIDTH="186" HEIGHT="39" CONTENT="to-cooks" SUBS_TYPE="HypPart1" SUBS_CONTENT="to-cooksin" WC="0.74" CC="00210037"/>
						<HYP HPOS="4340" VPOS="4672" WIDTH="22" CONTENT="-"/>
					</TextLine>
					<TextLine ID="P6_TL00214" HPOS="3581" VPOS="4726" WIDTH="762" HEIGHT="47">
						<String ID="P6_ST01090" HPOS="3581" VPOS="4728" WIDTH="39" HEIGHT="35" CONTENT="in" SUBS_TYPE="HypPart2" SUBS_CONTENT="to-cooksin" WC="0.78" CC="04"/>
						<SP ID="P6_SP00878" HPOS="3620" VPOS="4762" WIDTH="55"/>
						<String ID="P6_ST01091" HPOS="3676" VPOS="4726" WIDTH="180" HEIGHT="47" CONTENT="college" WC="0.99" CC="0045000"/>
						<SP ID="P6_SP00879" HPOS="3855" VPOS="4773" WIDTH="57"/>
						<String ID="P6_ST01092" HPOS="3912" VPOS="4728" WIDTH="257" HEIGHT="41" CONTENT="cafetarias." WC="0.88" CC="05300003000"/>
						<SP ID="P6_SP00880" HPOS="4169" VPOS="4773" WIDTH="61"/>
						<String ID="P6_ST01093" HPOS="4230" VPOS="4732" WIDTH="113" HEIGHT="38" CONTENT="RlS's" WC="0.94" CC="00002"/>
					</TextLine>
					<TextLine ID="P6_TL00215" HPOS="3580" VPOS="4787" WIDTH="764" HEIGHT="44">
						<String ID="P6_ST01094" HPOS="3580" VPOS="4795" WIDTH="183" HEIGHT="36" CONTENT="program" WC="0.99" CC="0137000"/>
						<SP ID="P6_SP00881" HPOS="3762" VPOS="4831" WIDTH="63"/>
						<String ID="P6_ST01095" HPOS="3825" VPOS="4787" WIDTH="28" HEIGHT="36" CONTENT="is" WC="0.95" CC="00"/>
						<SP ID="P6_SP00882" HPOS="3854" VPOS="4831" WIDTH="55"/>
						<String ID="P6_ST01096" HPOS="3909" VPOS="4792" WIDTH="74" HEIGHT="31" CONTENT="too" WC="1.00" CC="000"/>
						<SP ID="P6_SP00883" HPOS="3983" VPOS="4831" WIDTH="58"/>
						<String ID="P6_ST01097" HPOS="4041" VPOS="4800" WIDTH="90" HEIGHT="27" CONTENT="new" WC="1.00" CC="000"/>
						<SP ID="P6_SP00884" HPOS="4131" VPOS="4831" WIDTH="58"/>
						<String ID="P6_ST01098" HPOS="4189" VPOS="4795" WIDTH="43" HEIGHT="31" CONTENT="to" WC="1.00" CC="00"/>
						<SP ID="P6_SP00885" HPOS="4231" VPOS="4831" WIDTH="61"/>
						<String ID="P6_ST01099" HPOS="4293" VPOS="4789" WIDTH="50" HEIGHT="39" CONTENT="be" WC="1.00" CC="00"/>
					</TextLine>
					<TextLine ID="P6_TL00216" HPOS="3576" VPOS="4841" WIDTH="767" HEIGHT="49">
						<String ID="P6_ST01100" HPOS="3576" VPOS="4841" WIDTH="235" HEIGHT="49" CONTENT="evaluated," WC="1.00" CC="1000030002"/>
						<SP ID="P6_SP00886" HPOS="3811" VPOS="4890" WIDTH="30"/>
						<String ID="P6_ST01101" HPOS="3841" VPOS="4843" WIDTH="72" HEIGHT="41" CONTENT="but" WC="0.99" CC="030"/>
						<SP ID="P6_SP00887" HPOS="3913" VPOS="4890" WIDTH="31"/>
						<String ID="P6_ST01102" HPOS="3945" VPOS="4844" WIDTH="69" HEIGHT="39" CONTENT="the" WC="0.99" CC="020"/>
						<SP ID="P6_SP00888" HPOS="4014" VPOS="4890" WIDTH="33"/>
						<String ID="P6_ST01103" HPOS="4047" VPOS="4846" WIDTH="195" HEIGHT="39" CONTENT="directors" WC="1.00" CC="020000000"/>
						<SP ID="P6_SP00889" HPOS="4243" VPOS="4890" WIDTH="35"/>
						<String ID="P6_ST01104" HPOS="4277" VPOS="4860" WIDTH="66" HEIGHT="27" CONTENT="are" WC="1.00" CC="000"/>
					</TextLine>
					<TextLine ID="P6_TL00217" HPOS="3576" VPOS="4901" WIDTH="767" HEIGHT="46">
						<String ID="P6_ST01105" HPOS="3576" VPOS="4902" WIDTH="225" HEIGHT="44" CONTENT="optimistic" WC="1.00" CC="1000002003"/>
						<SP ID="P6_SP00890" HPOS="3802" VPOS="4946" WIDTH="38"/>
						<String ID="P6_ST01106" HPOS="3839" VPOS="4901" WIDTH="129" HEIGHT="41" CONTENT="about" WC="1.00" CC="00000"/>
						<SP ID="P6_SP00891" HPOS="3969" VPOS="4946" WIDTH="35"/>
						<String ID="P6_ST01107" HPOS="4003" VPOS="4902" WIDTH="69" HEIGHT="41" CONTENT="the" WC="1.00" CC="000"/>
						<SP ID="P6_SP00892" HPOS="4072" VPOS="4946" WIDTH="36"/>
						<String ID="P6_ST01108" HPOS="4109" VPOS="4904" WIDTH="154" HEIGHT="41" CONTENT="futures" WC="1.00" CC="1000003"/>
						<SP ID="P6_SP00893" HPOS="4263" VPOS="4946" WIDTH="36"/>
						<String ID="P6_ST01109" HPOS="4299" VPOS="4907" WIDTH="44" HEIGHT="38" CONTENT="of" WC="0.72" CC="05"/>
					</TextLine>
					<TextLine ID="P6_TL00218" HPOS="3576" VPOS="4957" WIDTH="358" HEIGHT="49">
						<String ID="P6_ST01110" HPOS="3576" VPOS="4957" WIDTH="102" HEIGHT="39" CONTENT="their" WC="0.99" CC="50000"/>
						<SP ID="P6_SP00894" HPOS="3679" VPOS="4997" WIDTH="27"/>
						<String ID="P6_ST01111" HPOS="3706" VPOS="4959" WIDTH="228" HEIGHT="47" CONTENT="graduates." WC="1.00" CC="0000003030"/>
					</TextLine>
					<TextLine ID="P6_TL00219" HPOS="3576" VPOS="5020" WIDTH="767" HEIGHT="49">
						<String ID="P6_ST01112" HPOS="3576" VPOS="5057" WIDTH="16" HEIGHT="3" CONTENT=".." WC="0.61" CC="70"/>
						<SP ID="P6_SP00895" HPOS="3592" VPOS="5060" WIDTH="36"/>
						<String ID="P6_ST01113" HPOS="3628" VPOS="5020" WIDTH="30" HEIGHT="33" CONTENT="A" WC="1.00" CC="0"/>
						<SP ID="P6_SP00896" HPOS="3658" VPOS="5060" WIDTH="44"/>
						<String ID="P6_ST01114" HPOS="3702" VPOS="5030" WIDTH="137" HEIGHT="27" CONTENT="career" WC="1.00" CC="000001"/>
						<SP ID="P6_SP00897" HPOS="3839" VPOS="5060" WIDTH="44"/>
						<String ID="P6_ST01115" HPOS="3883" VPOS="5022" WIDTH="35" HEIGHT="36" CONTENT="in" WC="0.94" CC="01"/>
						<SP ID="P6_SP00898" HPOS="3918" VPOS="5060" WIDTH="46"/>
						<String ID="P6_ST01116" HPOS="3964" VPOS="5020" WIDTH="151" HEIGHT="47" CONTENT="quiche" WC="1.00" CC="030100"/>
						<SP ID="P6_SP00899" HPOS="4115" VPOS="5068" WIDTH="44"/>
						<String ID="P6_ST01117" HPOS="4159" VPOS="5022" WIDTH="184" HEIGHT="47" CONTENT="lorraine," WC="0.84" CC="500500004"/>
					</TextLine>
					<TextLine ID="P6_TL00220" HPOS="3575" VPOS="5079" WIDTH="183" HEIGHT="41">
						<String ID="P6_ST01118" HPOS="3575" VPOS="5079" WIDTH="183" HEIGHT="41" CONTENT="anyone?" WC="0.99" CC="0000604"/>
					</TextLine>
				</TextBlock>
				<TextBlock ID="P6_TB00014" HPOS="2739" VPOS="2935" WIDTH="1633" HEIGHT="109" language="en" STYLEREFS="TXT_1 PAR_LEFT">
					<TextLine ID="P6_TL00221" HPOS="2742" VPOS="2942" WIDTH="1616" HEIGHT="47">
						<String ID="P6_ST01119" HPOS="2742" VPOS="2942" WIDTH="346" HEIGHT="38" CONTENT="Chef-Instructor" WC="0.99" CC="664730656150600"/>
						<SP ID="P6_SP00900" HPOS="3088" VPOS="2980" WIDTH="24"/>
						<String ID="P6_ST01120" HPOS="3112" VPOS="2942" WIDTH="162" HEIGHT="38" CONTENT="Edward" WC="0.99" CC="003103"/>
						<SP ID="P6_SP00901" HPOS="3274" VPOS="2980" WIDTH="27"/>
						<String ID="P6_ST01121" HPOS="3301" VPOS="2943" WIDTH="170" HEIGHT="46" CONTENT="Flattery" WC="1.00" CC="02000002"/>
						<SP ID="P6_SP00902" HPOS="3471" VPOS="2989" WIDTH="24"/>
						<String ID="P6_ST01122" HPOS="3494" VPOS="2943" WIDTH="98" HEIGHT="38" CONTENT="with" WC="0.98" CC="4005"/>
						<SP ID="P6_SP00903" HPOS="3592" VPOS="2989" WIDTH="28"/>
						<String ID="P6_ST01123" HPOS="3620" VPOS="2943" WIDTH="189" HEIGHT="39" CONTENT="students" WC="0.99" CC="40003005"/>
						<SP ID="P6_SP00904" HPOS="3809" VPOS="2989" WIDTH="28"/>
						<String ID="P6_ST01124" HPOS="3838" VPOS="2945" WIDTH="38" HEIGHT="38" CONTENT="in" WC="0.72" CC="05"/>
						<SP ID="P6_SP00905" HPOS="3876" VPOS="2989" WIDTH="28"/>
						<String ID="P6_ST01125" HPOS="3904" VPOS="2945" WIDTH="181" HEIGHT="44" CONTENT="Johnson" WC="1.00" CC="0204000"/>
						<SP ID="P6_SP00906" HPOS="4085" VPOS="2989" WIDTH="28"/>
						<String ID="P6_ST01126" HPOS="4113" VPOS="2945" WIDTH="80" HEIGHT="39" CONTENT="and" WC="0.99" CC="010"/>
						<SP ID="P6_SP00907" HPOS="4194" VPOS="2989" WIDTH="28"/>
						<String ID="P6_ST01127" HPOS="4222" VPOS="2946" WIDTH="135" HEIGHT="39" CONTENT="Wales" WC="0.99" CC="40001"/>
					</TextLine>
					<TextLine ID="P6_TL00222" HPOS="2743" VPOS="2998" WIDTH="460" HEIGHT="46">
						<String ID="P6_ST01128" HPOS="2743" VPOS="2998" WIDTH="250" HEIGHT="46" CONTENT="production" WC="1.00" CC="0000300001"/>
						<SP ID="P6_SP00908" HPOS="2994" VPOS="3044" WIDTH="27"/>
						<String ID="P6_ST01129" HPOS="3020" VPOS="2998" WIDTH="183" HEIGHT="41" CONTENT="kitchen." WC="0.99" CC="50060010"/>
					</TextLine>
				</TextBlock>
				<TextBlock ID="P6_TB00015" HPOS="219" VPOS="6472" WIDTH="312" HEIGHT="37" language="en" STYLEREFS="TXT_1 PAR_LEFT">
					<TextLine ID="P6_TL00223" HPOS="219" VPOS="6474" WIDTH="312" HEIGHT="35">
						<String ID="P6_ST01130" HPOS="219" VPOS="6474" WIDTH="142" HEIGHT="35" CONTENT="FRESH" WC="0.99" CC="05004"/>
						<SP ID="P6_SP00909" HPOS="361" VPOS="6509" WIDTH="31"/>
						<String ID="P6_ST01131" HPOS="392" VPOS="6474" WIDTH="139" HEIGHT="35" CONTENT="FRUIT" WC="0.98" CC="04570"/>
					</TextLine>
				</TextBlock>
				<TextBlock ID="P6_TB00016" HPOS="1901" VPOS="5287" WIDTH="2373" HEIGHT="151" language="en" STYLEREFS="TXT_5 PAR_RIGHT">
					<TextLine ID="P6_TL00224" HPOS="1901" VPOS="5287" WIDTH="2373" HEIGHT="151">
						<String ID="P6_ST01132" HPOS="1901" VPOS="5291" WIDTH="1189" HEIGHT="146" CONTENT="'Speedboat'—New" WC="1.00" CC="901200000348000"/>
						<SP ID="P6_SP00910" HPOS="3090" VPOS="5438" WIDTH="54"/>
						<String ID="P6_ST01133" HPOS="3143" VPOS="5296" WIDTH="299" HEIGHT="142" CONTENT="Way" WC="0.98" CC="023"/>
						<SP ID="P6_SP00911" HPOS="3443" VPOS="5438" WIDTH="57"/>
						<String ID="P6_ST01134" HPOS="3499" VPOS="5288" WIDTH="162" HEIGHT="115" CONTENT="Of" WC="1.00" CC="00"/>
						<SP ID="P6_SP00912" HPOS="3661" VPOS="5438" WIDTH="47"/>
						<String ID="P6_ST01135" HPOS="3709" VPOS="5287" WIDTH="565" HEIGHT="145" CONTENT="Thinking" WC="1.00" CC="01005000"/>
					</TextLine>
				</TextBlock>
				<TextBlock ID="P6_TB00017" HPOS="2085" VPOS="5485" WIDTH="296" HEIGHT="48" language="en" STYLEREFS="TXT_1 PAR_LEFT">
					<TextLine ID="P6_TL00225" HPOS="2085" VPOS="5487" WIDTH="296" HEIGHT="46">
						<String ID="P6_ST01136" HPOS="2085" VPOS="5491" WIDTH="110" HEIGHT="35" CONTENT="From" WC="0.97" CC="5114"/>
						<SP ID="P6_SP00913" HPOS="2195" VPOS="5526" WIDTH="31"/>
						<String ID="P6_ST01137" HPOS="2227" VPOS="5490" WIDTH="106" HEIGHT="43" CONTENT="Page" WC="0.99" CC="0040"/>
						<SP ID="P6_SP00914" HPOS="2332" VPOS="5532" WIDTH="27"/>
						<String ID="P6_ST01138" HPOS="2359" VPOS="5487" WIDTH="22" HEIGHT="36" CONTENT="3" WC="0.53" CC="4"/>
					</TextLine>
				</TextBlock>
				<TextBlock ID="P6_TB00018" HPOS="2263" VPOS="6403" WIDTH="76" HEIGHT="143" language="en" STYLEREFS="TXT_6 PAR_CENTER">
					<TextLine ID="P6_TL00226" HPOS="2263" VPOS="6403" WIDTH="76" HEIGHT="143">
						<String ID="P6_ST01139" HPOS="2263" VPOS="6403" WIDTH="76" HEIGHT="143" CONTENT="6" WC="1.00" CC="0"/>
					</TextLine>
				</TextBlock>
				<TextBlock ID="P6_TB00019" HPOS="3907" VPOS="6474" WIDTH="422" HEIGHT="45" language="en" STYLEREFS="TXT_1 PAR_RIGHT">
					<TextLine ID="P6_TL00227" HPOS="3907" VPOS="6476" WIDTH="422" HEIGHT="43">
						<String ID="P6_ST01140" HPOS="3907" VPOS="6476" WIDTH="233" HEIGHT="38" CONTENT="December" WC="1.00" CC="00300500"/>
						<SP ID="P6_SP00915" HPOS="4140" VPOS="6513" WIDTH="27"/>
						<String ID="P6_ST01141" HPOS="4167" VPOS="6477" WIDTH="36" HEIGHT="41" CONTENT="5," WC="0.94" CC="10"/>
						<SP ID="P6_SP00916" HPOS="4203" VPOS="6518" WIDTH="24"/>
						<String ID="P6_ST01142" HPOS="4227" VPOS="6476" WIDTH="102" HEIGHT="36" CONTENT="1976" WC="0.69" CC="0325"/>
					</TextLine>
				</TextBlock>
				<ComposedBlock ID="P6_CB00001" HPOS="2739" VPOS="1228" WIDTH="1633" HEIGHT="1707" STYLEREFS="TXT_7 PAR_LEFT" TYPE="Illustration">
					<GraphicalElement ID="P6_CB00001_SUB" HPOS="2739" VPOS="1228" WIDTH="1633" HEIGHT="1707"/>
				</ComposedBlock>
				<ComposedBlock ID="P6_CB00002" HPOS="301" VPOS="57" WIDTH="1479" HEIGHT="1668" TYPE="Advertisement">
					<TextBlock ID="P6_TB00020" HPOS="301" VPOS="57" WIDTH="1479" HEIGHT="1668" language="en" STYLEREFS="TXT_8 PAR_LEFT">
						<TextLine ID="P6_TL00228" HPOS="321" VPOS="57" WIDTH="39" HEIGHT="31">
							<String ID="P6_ST01143" HPOS="321" VPOS="57" WIDTH="39" HEIGHT="31" CONTENT="f" WC="0.35" CC="6" STYLEREFS="TXT_9"/>
						</TextLine>
						<TextLine ID="P6_TL00229" HPOS="369" VPOS="82" WIDTH="1236" HEIGHT="115">
							<String ID="P6_ST01144" HPOS="369" VPOS="82" WIDTH="874" HEIGHT="115" CONTENT="HAIRjTYUNG" WC="0.81" CC="0500000604"/>
							<SP ID="P6_SP00917" HPOS="1243" VPOS="197" WIDTH="41"/>
							<String ID="P6_ST01145" HPOS="1283" VPOS="82" WIDTH="321" HEIGHT="115" CONTENT="I/AN" WC="0.97" CC="1750"/>
						</TextLine>
						<TextLine ID="P6_TL00230" HPOS="353" VPOS="233" WIDTH="1252" HEIGHT="192">
							<String ID="P6_ST01146" HPOS="353" VPOS="243" WIDTH="261" HEIGHT="117" CONTENT="ART" WC="0.99" CC="020"/>
							<SP ID="P6_SP00918" HPOS="614" VPOS="359" WIDTH="47"/>
							<String ID="P6_ST01147" HPOS="661" VPOS="233" WIDTH="943" HEIGHT="192" CONTENT="FORm..^S^" WC="0.56" CC="540230878"/>
						</TextLine>
						<TextLine ID="P6_TL00231" HPOS="350" VPOS="362" WIDTH="1255" HEIGHT="142">
							<String ID="P6_ST01148" HPOS="350" VPOS="428" WIDTH="277" HEIGHT="76" CONTENT="COmE" WC="1.00" CC="0000" STYLEREFS="TXT_10"/>
							<SP ID="P6_SP00919" HPOS="627" VPOS="504" WIDTH="30"/>
							<String ID="P6_ST01149" HPOS="657" VPOS="428" WIDTH="142" HEIGHT="74" CONTENT="/EE" WC="0.97" CC="700" STYLEREFS="TXT_10"/>
							<SP ID="P6_SP00920" HPOS="798" VPOS="504" WIDTH="36"/>
							<String ID="P6_ST01150" HPOS="835" VPOS="362" WIDTH="770" HEIGHT="142" CONTENT="whyjP©lMl" WC="0.29" CC="705897689" STYLEREFS="TXT_10"/>
						</TextLine>
						<TextLine ID="P6_TL00232" HPOS="326" VPOS="1650" WIDTH="63" HEIGHT="68">
							<String ID="P6_ST01151" HPOS="326" VPOS="1650" WIDTH="63" HEIGHT="68" CONTENT="V" WC="1.00" CC="9" STYLEREFS="TXT_11"/>
						</TextLine>
					</TextBlock>
				</ComposedBlock>
				<ComposedBlock ID="P6_CB00003" HPOS="197" VPOS="1724" WIDTH="1644" HEIGHT="2402" TYPE="Advertisement">
					<TextBlock ID="P6_TB00021" HPOS="197" VPOS="1724" WIDTH="1644" HEIGHT="2402" language="en" STYLEREFS="TXT_12 PAR_LEFT">
						<TextLine ID="P6_TL00233" HPOS="304" VPOS="1739" WIDTH="1466" HEIGHT="283">
							<String ID="P6_ST01152" HPOS="304" VPOS="1739" WIDTH="1466" HEIGHT="283" CONTENT="SQUIRE’S" WC="0.97" CC="88748788" STYLEREFS="TXT_13"/>
						</TextLine>
						<TextLine ID="P6_TL00234" HPOS="310" VPOS="2028" WIDTH="1156" HEIGHT="51">
							<String ID="P6_ST01153" HPOS="310" VPOS="2030" WIDTH="87" HEIGHT="39" CONTENT="269" WC="0.77" CC="060"/>
							<SP ID="P6_SP00921" HPOS="397" VPOS="2069" WIDTH="19"/>
							<String ID="P6_ST01154" HPOS="416" VPOS="2030" WIDTH="153" HEIGHT="49" CONTENT="Thayer" WC="0.99" CC="660000"/>
							<SP ID="P6_SP00922" HPOS="569" VPOS="2079" WIDTH="19"/>
							<String ID="P6_ST01155" HPOS="587" VPOS="2030" WIDTH="58" HEIGHT="39" CONTENT="St." WC="1.00" CC="000"/>
							<SP ID="P6_SP00923" HPOS="646" VPOS="2079" WIDTH="24"/>
							<String ID="P6_ST01156" HPOS="669" VPOS="2030" WIDTH="126" HEIGHT="44" CONTENT="Prov.," WC="0.55" CC="574702"/>
							<SP ID="P6_SP00924" HPOS="795" VPOS="2079" WIDTH="24"/>
							<String ID="P6_ST01157" HPOS="819" VPOS="2030" WIDTH="43" HEIGHT="38" CONTENT="R." WC="1.00" CC="00"/>
							<SP ID="P6_SP00925" HPOS="861" VPOS="2079" WIDTH="24"/>
							<String ID="P6_ST01158" HPOS="885" VPOS="2030" WIDTH="25" HEIGHT="36" CONTENT="I." WC="0.80" CC="03"/>
							<SP ID="P6_SP00926" HPOS="910" VPOS="2079" WIDTH="50"/>
							<String ID="P6_ST01159" HPOS="961" VPOS="2030" WIDTH="225" HEIGHT="38" CONTENT="621-1433" WC="0.94" CC="00031000"/>
							<SP ID="P6_SP00927" HPOS="1186" VPOS="2079" WIDTH="54"/>
							<String ID="P6_ST01160" HPOS="1239" VPOS="2028" WIDTH="227" HEIGHT="38" CONTENT="274-5660" WC="0.97" CC="00020000"/>
						</TextLine>
						<TextLine ID="P6_TL00235" HPOS="315" VPOS="2098" WIDTH="712" HEIGHT="49">
							<String ID="P6_ST01161" HPOS="315" VPOS="2099" WIDTH="123" HEIGHT="36" CONTENT="North" WC="0.97" CC="26413"/>
							<SP ID="P6_SP00928" HPOS="438" VPOS="2135" WIDTH="22"/>
							<String ID="P6_ST01162" HPOS="460" VPOS="2098" WIDTH="183" HEIGHT="49" CONTENT="Conway," WC="1.00" CC="3010000"/>
							<SP ID="P6_SP00929" HPOS="643" VPOS="2146" WIDTH="27"/>
							<String ID="P6_ST01163" HPOS="669" VPOS="2099" WIDTH="91" HEIGHT="36" CONTENT="New" WC="0.96" CC="504"/>
							<SP ID="P6_SP00930" HPOS="761" VPOS="2146" WIDTH="24"/>
							<String ID="P6_ST01164" HPOS="784" VPOS="2099" WIDTH="243" HEIGHT="46" CONTENT="Hampshire" WC="1.00" CC="000005400"/>
						</TextLine>
						<TextLine ID="P6_TL00236" HPOS="720" VPOS="2761" WIDTH="591" HEIGHT="66">
							<String ID="P6_ST01165" HPOS="720" VPOS="2761" WIDTH="591" HEIGHT="66" CONTENT="THEATRE" WC="0.98" CC="2765074" STYLEREFS="TXT_14"/>
						</TextLine>
						<TextLine ID="P6_TL00237" HPOS="378" VPOS="3027" WIDTH="1167" HEIGHT="55">
							<String ID="P6_ST01166" HPOS="378" VPOS="3031" WIDTH="326" HEIGHT="50" CONTENT="December" WC="1.00" CC="10000000" STYLEREFS="TXT_15"/>
							<SP ID="P6_SP00931" HPOS="704" VPOS="3082" WIDTH="16"/>
							<String ID="P6_ST01167" HPOS="720" VPOS="3030" WIDTH="31" HEIGHT="52" CONTENT="3" WC="1.00" CC="0" STYLEREFS="TXT_15"/>
							<SP ID="P6_SP00932" HPOS="751" VPOS="3082" WIDTH="19"/>
							<String ID="P6_ST01168" HPOS="770" VPOS="3030" WIDTH="112" HEIGHT="50" CONTENT="and" WC="1.00" CC="000" STYLEREFS="TXT_15"/>
							<SP ID="P6_SP00933" HPOS="882" VPOS="3082" WIDTH="20"/>
							<String ID="P6_ST01169" HPOS="902" VPOS="3031" WIDTH="33" HEIGHT="47" CONTENT="4" WC="1.00" CC="0" STYLEREFS="TXT_15"/>
							<SP ID="P6_SP00934" HPOS="935" VPOS="3082" WIDTH="239"/>
							<String ID="P6_ST01170" HPOS="1175" VPOS="3027" WIDTH="370" HEIGHT="50" CONTENT="Fri.andSat." WC="0.79" CC="26440001030" STYLEREFS="TXT_15"/>
						</TextLine>
						<TextLine ID="P6_TL00238" HPOS="754" VPOS="3110" WIDTH="597" HEIGHT="74">
							<String ID="P6_ST01171" HPOS="754" VPOS="3112" WIDTH="187" HEIGHT="72" CONTENT="Paul" WC="0.99" CC="0040" STYLEREFS="TXT_16"/>
							<SP ID="P6_SP00935" HPOS="942" VPOS="3184" WIDTH="31"/>
							<String ID="P6_ST01172" HPOS="973" VPOS="3110" WIDTH="378" HEIGHT="74" CONTENT="Geremia" WC="0.95" CC="0000030" STYLEREFS="TXT_16"/>
						</TextLine>
						<TextLine ID="P6_TL00239" HPOS="809" VPOS="3222" WIDTH="452" HEIGHT="46">
							<String ID="P6_ST01173" HPOS="809" VPOS="3222" WIDTH="107" HEIGHT="36" CONTENT="with" WC="0.98" CC="0043"/>
							<SP ID="P6_SP00936" HPOS="917" VPOS="3258" WIDTH="14"/>
							<String ID="P6_ST01174" HPOS="931" VPOS="3222" WIDTH="173" HEIGHT="46" CONTENT="Special" WC="1.00" CC="0000040"/>
							<SP ID="P6_SP00937" HPOS="1104" VPOS="3268" WIDTH="17"/>
							<String ID="P6_ST01175" HPOS="1121" VPOS="3222" WIDTH="140" HEIGHT="38" CONTENT="Guest" WC="0.98" CC="04007"/>
						</TextLine>
						<TextLine ID="P6_TL00240" HPOS="830" VPOS="3277" WIDTH="413" HEIGHT="38">
							<String ID="P6_ST01176" HPOS="830" VPOS="3277" WIDTH="175" HEIGHT="36" CONTENT="MOLLY" WC="0.98" CC="60050"/>
							<SP ID="P6_SP00938" HPOS="1005" VPOS="3313" WIDTH="16"/>
							<String ID="P6_ST01177" HPOS="1020" VPOS="3277" WIDTH="222" HEIGHT="38" CONTENT="MALONE" WC="0.98" CC="510072"/>
						</TextLine>
						<TextLine ID="P6_TL00241" HPOS="380" VPOS="3482" WIDTH="1167" HEIGHT="49">
							<String ID="P6_ST01178" HPOS="380" VPOS="3482" WIDTH="324" HEIGHT="47" CONTENT="December" WC="1.00" CC="00000111" STYLEREFS="TXT_15"/>
							<SP ID="P6_SP00939" HPOS="704" VPOS="3529" WIDTH="20"/>
							<String ID="P6_ST01179" HPOS="724" VPOS="3482" WIDTH="151" HEIGHT="47" CONTENT="10-12" WC="0.86" CC="02040" STYLEREFS="TXT_15"/>
							<SP ID="P6_SP00940" HPOS="876" VPOS="3529" WIDTH="380"/>
							<String ID="P6_ST01180" HPOS="1255" VPOS="3482" WIDTH="291" HEIGHT="49" CONTENT="Fri.-Sun." WC="0.87" CC="000000523" STYLEREFS="TXT_15"/>
						</TextLine>
						<TextLine ID="P6_TL00242" HPOS="696" VPOS="3554" WIDTH="688" HEIGHT="76">
							<String ID="P6_ST01181" HPOS="696" VPOS="3557" WIDTH="222" HEIGHT="72" CONTENT="Dave" WC="0.98" CC="0520" STYLEREFS="TXT_16"/>
							<SP ID="P6_SP00941" HPOS="918" VPOS="3630" WIDTH="22"/>
							<String ID="P6_ST01182" HPOS="940" VPOS="3556" WIDTH="175" HEIGHT="72" CONTENT="Van" WC="0.97" CC="420" STYLEREFS="TXT_16"/>
							<SP ID="P6_SP00942" HPOS="1115" VPOS="3630" WIDTH="33"/>
							<String ID="P6_ST01183" HPOS="1148" VPOS="3554" WIDTH="236" HEIGHT="74" CONTENT="Ronk" WC="0.95" CC="0010" STYLEREFS="TXT_16"/>
						</TextLine>
						<TextLine ID="P6_TL00243" HPOS="542" VPOS="3743" WIDTH="942" HEIGHT="91">
							<String ID="P6_ST01184" HPOS="542" VPOS="3745" WIDTH="288" HEIGHT="74" CONTENT="Watch" WC="0.99" CC="52001" STYLEREFS="TXT_16"/>
							<SP ID="P6_SP00943" HPOS="830" VPOS="3819" WIDTH="27"/>
							<String ID="P6_ST01185" HPOS="857" VPOS="3745" WIDTH="134" HEIGHT="72" CONTENT="for" WC="0.97" CC="007" STYLEREFS="TXT_16"/>
							<SP ID="P6_SP00944" HPOS="991" VPOS="3819" WIDTH="27"/>
							<String ID="P6_ST01186" HPOS="1017" VPOS="3743" WIDTH="466" HEIGHT="91" CONTENT="Upcoming" WC="1.00" CC="00100000" STYLEREFS="TXT_16"/>
						</TextLine>
						<TextLine ID="P6_TL00244" HPOS="567" VPOS="3849" WIDTH="888" HEIGHT="76">
							<String ID="P6_ST01187" HPOS="567" VPOS="3852" WIDTH="307" HEIGHT="71" CONTENT="Winter" WC="0.98" CC="570046" STYLEREFS="TXT_16"/>
							<SP ID="P6_SP00945" HPOS="874" VPOS="3923" WIDTH="28"/>
							<String ID="P6_ST01188" HPOS="902" VPOS="3849" WIDTH="184" HEIGHT="76" CONTENT="Film" WC="0.98" CC="0710" STYLEREFS="TXT_16"/>
							<SP ID="P6_SP00946" HPOS="1087" VPOS="3924" WIDTH="31"/>
							<String ID="P6_ST01189" HPOS="1118" VPOS="3849" WIDTH="337" HEIGHT="72" CONTENT="Festival" WC="1.00" CC="00005201" STYLEREFS="TXT_16"/>
						</TextLine>
						<TextLine ID="P6_TL00245" HPOS="280" VPOS="3989" WIDTH="296" HEIGHT="39">
							<String ID="P6_ST01190" HPOS="280" VPOS="3989" WIDTH="76" HEIGHT="38" CONTENT="250" WC="1.00" CC="000"/>
							<SP ID="P6_SP00947" HPOS="356" VPOS="4027" WIDTH="20"/>
							<String ID="P6_ST01191" HPOS="376" VPOS="3989" WIDTH="200" HEIGHT="39" CONTENT="Thames," WC="1.00" CC="0000000"/>
						</TextLine>
						<TextLine ID="P6_TL00246" HPOS="1313" VPOS="3987" WIDTH="451" HEIGHT="44">
							<String ID="P6_ST01192" HPOS="1313" VPOS="3987" WIDTH="208" HEIGHT="44" CONTENT="Newport" WC="0.99" CC="9103000"/>
							<SP ID="P6_SP00948" HPOS="1521" VPOS="4031" WIDTH="49"/>
							<String ID="P6_ST01193" HPOS="1570" VPOS="3989" WIDTH="194" HEIGHT="36" CONTENT="847-9527" WC="0.90" CC="20000310"/>
						</TextLine>
					</TextBlock>
				</ComposedBlock>
				<ComposedBlock ID="P6_CB00004" HPOS="197" VPOS="4126" WIDTH="1644" HEIGHT="2204" TYPE="Advertisement">
					<TextBlock ID="P6_TB00022" HPOS="197" VPOS="4126" WIDTH="1644" HEIGHT="2204" language="en" STYLEREFS="TXT_17 PAR_LEFT">
						<TextLine ID="P6_TL00247" HPOS="463" VPOS="4261" WIDTH="1077" HEIGHT="224">
							<String ID="P6_ST01194" HPOS="463" VPOS="4261" WIDTH="458" HEIGHT="224" CONTENT="The" WC="0.92" CC="677" STYLEREFS="TXT_13"/>
							<SP ID="P6_SP00949" HPOS="921" VPOS="4485" WIDTH="33"/>
							<String ID="P6_ST01195" HPOS="954" VPOS="4266" WIDTH="586" HEIGHT="219" CONTENT="MBA" WC="0.96" CC="063" STYLEREFS="TXT_13"/>
						</TextLine>
						<TextLine ID="P6_TL00248" HPOS="394" VPOS="4496" WIDTH="1276" HEIGHT="219">
							<String ID="P6_ST01196" HPOS="394" VPOS="4496" WIDTH="1276" HEIGHT="219" CONTENT="sandwich." WC="1.00" CC="000020000" STYLEREFS="TXT_18"/>
						</TextLine>
						<TextLine ID="P6_TL00249" HPOS="483" VPOS="4882" WIDTH="460" HEIGHT="41">
							<String ID="P6_ST01197" HPOS="483" VPOS="4882" WIDTH="58" HEIGHT="36" CONTENT="Six" WC="1.00" CC="000"/>
							<SP ID="P6_SP00950" HPOS="542" VPOS="4918" WIDTH="16"/>
							<String ID="P6_ST01198" HPOS="557" VPOS="4883" WIDTH="154" HEIGHT="36" CONTENT="months" WC="0.99" CC="020500"/>
							<SP ID="P6_SP00951" HPOS="712" VPOS="4920" WIDTH="13"/>
							<String ID="P6_ST01199" HPOS="724" VPOS="4883" WIDTH="39" HEIGHT="36" CONTENT="of" WC="0.71" CC="23"/>
							<SP ID="P6_SP00952" HPOS="764" VPOS="4920" WIDTH="13"/>
							<String ID="P6_ST01200" HPOS="776" VPOS="4885" WIDTH="167" HEIGHT="38" CONTENT="classes." WC="1.00" CC="05000000"/>
						</TextLine>
						<TextLine ID="P6_TL00250" HPOS="539" VPOS="4932" WIDTH="991" HEIGHT="54">
							<String ID="P6_ST01201" HPOS="539" VPOS="4932" WIDTH="101" HEIGHT="36" CONTENT="Then" WC="1.00" CC="0001"/>
							<SP ID="P6_SP00953" HPOS="639" VPOS="4969" WIDTH="14"/>
							<String ID="P6_ST01202" HPOS="654" VPOS="4934" WIDTH="54" HEIGHT="35" CONTENT="six" WC="0.98" CC="004"/>
							<SP ID="P6_SP00954" HPOS="707" VPOS="4969" WIDTH="17"/>
							<String ID="P6_ST01203" HPOS="724" VPOS="4934" WIDTH="153" HEIGHT="38" CONTENT="months" WC="0.99" CC="000700"/>
							<SP ID="P6_SP00955" HPOS="877" VPOS="4972" WIDTH="14"/>
							<String ID="P6_ST01204" HPOS="891" VPOS="4935" WIDTH="39" HEIGHT="36" CONTENT="of" WC="0.90" CC="01"/>
							<SP ID="P6_SP00956" HPOS="931" VPOS="4972" WIDTH="13"/>
							<String ID="P6_ST01205" HPOS="943" VPOS="4935" WIDTH="249" HEIGHT="44" CONTENT="professional" WC="1.00" CC="054000001500"/>
							<SP ID="P6_SP00957" HPOS="1192" VPOS="4980" WIDTH="14"/>
							<String ID="P6_ST01206" HPOS="1206" VPOS="4940" WIDTH="101" HEIGHT="35" CONTENT="work" WC="1.00" CC="0100"/>
							<SP ID="P6_SP00958" HPOS="1307" VPOS="4980" WIDTH="14"/>
							<String ID="P6_ST01207" HPOS="1321" VPOS="4942" WIDTH="140" HEIGHT="44" CONTENT="experi-" WC="0.92" CC="0500000"/>
							<SP ID="P6_SP00959" HPOS="1461" VPOS="4986" WIDTH="60"/>
							<String ID="P6_ST01208" HPOS="1521" VPOS="4964" WIDTH="8" HEIGHT="9" CONTENT="." WC="0.55" CC="4"/>
						</TextLine>
						<TextLine ID="P6_TL00251" HPOS="483" VPOS="4983" WIDTH="813" HEIGHT="43">
							<String ID="P6_ST01209" HPOS="483" VPOS="4989" WIDTH="101" HEIGHT="28" CONTENT="ence" WC="1.00" CC="0000"/>
							<SP ID="P6_SP00960" HPOS="584" VPOS="5017" WIDTH="16"/>
							<String ID="P6_ST01210" HPOS="600" VPOS="4983" WIDTH="31" HEIGHT="35" CONTENT="in" WC="1.00" CC="00"/>
							<SP ID="P6_SP00961" HPOS="631" VPOS="5017" WIDTH="14"/>
							<String ID="P6_ST01211" HPOS="646" VPOS="4991" WIDTH="76" HEIGHT="28" CONTENT="one" WC="1.00" CC="010"/>
							<SP ID="P6_SP00962" HPOS="721" VPOS="5019" WIDTH="14"/>
							<String ID="P6_ST01212" HPOS="735" VPOS="4984" WIDTH="38" HEIGHT="36" CONTENT="of" WC="0.94" CC="01"/>
							<SP ID="P6_SP00963" HPOS="773" VPOS="5020" WIDTH="14"/>
							<String ID="P6_ST01213" HPOS="787" VPOS="4986" WIDTH="146" HEIGHT="36" CONTENT="several" WC="1.00" CC="0000007"/>
							<SP ID="P6_SP00964" HPOS="934" VPOS="5022" WIDTH="14"/>
							<String ID="P6_ST01214" HPOS="948" VPOS="4995" WIDTH="117" HEIGHT="28" CONTENT="areas" WC="0.99" CC="05000"/>
							<SP ID="P6_SP00965" HPOS="1065" VPOS="5024" WIDTH="14"/>
							<String ID="P6_ST01215" HPOS="1079" VPOS="4986" WIDTH="38" HEIGHT="38" CONTENT="of" WC="1.00" CC="00"/>
							<SP ID="P6_SP00966" HPOS="1117" VPOS="5024" WIDTH="16"/>
							<String ID="P6_ST01216" HPOS="1132" VPOS="4987" WIDTH="164" HEIGHT="38" CONTENT="interest." WC="1.00" CC="001000050"/>
						</TextLine>
						<TextLine ID="P6_TL00252" HPOS="539" VPOS="5030" WIDTH="951" HEIGHT="55">
							<String ID="P6_ST01217" HPOS="539" VPOS="5030" WIDTH="101" HEIGHT="38" CONTENT="Then" WC="1.00" CC="0000"/>
							<SP ID="P6_SP00967" HPOS="639" VPOS="5068" WIDTH="16"/>
							<String ID="P6_ST01218" HPOS="655" VPOS="5033" WIDTH="83" HEIGHT="36" CONTENT="nine" WC="0.99" CC="4010"/>
							<SP ID="P6_SP00968" HPOS="739" VPOS="5069" WIDTH="16"/>
							<String ID="P6_ST01219" HPOS="754" VPOS="5043" WIDTH="106" HEIGHT="28" CONTENT="more" WC="1.00" CC="0020"/>
							<SP ID="P6_SP00969" HPOS="860" VPOS="5071" WIDTH="16"/>
							<String ID="P6_ST01220" HPOS="876" VPOS="5036" WIDTH="150" HEIGHT="36" CONTENT="months" WC="1.00" CC="000500"/>
							<SP ID="P6_SP00970" HPOS="1025" VPOS="5072" WIDTH="16"/>
							<String ID="P6_ST01221" HPOS="1041" VPOS="5036" WIDTH="38" HEIGHT="38" CONTENT="of" WC="1.00" CC="00"/>
							<SP ID="P6_SP00971" HPOS="1079" VPOS="5074" WIDTH="14"/>
							<String ID="P6_ST01222" HPOS="1093" VPOS="5038" WIDTH="167" HEIGHT="43" CONTENT="classes," WC="1.00" CC="00000000"/>
							<SP ID="P6_SP00972" HPOS="1260" VPOS="5080" WIDTH="16"/>
							<String ID="P6_ST01223" HPOS="1276" VPOS="5039" WIDTH="129" HEIGHT="36" CONTENT="where" WC="1.00" CC="00002"/>
							<SP ID="P6_SP00973" HPOS="1405" VPOS="5080" WIDTH="13"/>
							<String ID="P6_ST01224" HPOS="1417" VPOS="5049" WIDTH="72" HEIGHT="36" CONTENT="you" WC="1.00" CC="000"/>
						</TextLine>
						<TextLine ID="P6_TL00253" HPOS="483" VPOS="5082" WIDTH="814" HEIGHT="49">
							<String ID="P6_ST01225" HPOS="483" VPOS="5082" WIDTH="99" HEIGHT="35" CONTENT="learn" WC="0.98" CC="70050"/>
							<SP ID="P6_SP00974" HPOS="583" VPOS="5117" WIDTH="17"/>
							<String ID="P6_ST01226" HPOS="600" VPOS="5082" WIDTH="85" HEIGHT="36" CONTENT="how" WC="1.00" CC="000"/>
							<SP ID="P6_SP00975" HPOS="685" VPOS="5118" WIDTH="11"/>
							<String ID="P6_ST01227" HPOS="696" VPOS="5085" WIDTH="39" HEIGHT="33" CONTENT="to" WC="0.71" CC="50"/>
							<SP ID="P6_SP00976" HPOS="735" VPOS="5118" WIDTH="13"/>
							<String ID="P6_ST01228" HPOS="748" VPOS="5085" WIDTH="110" HEIGHT="44" CONTENT="apply" WC="0.99" CC="00050"/>
							<SP ID="P6_SP00977" HPOS="858" VPOS="5129" WIDTH="11"/>
							<String ID="P6_ST01229" HPOS="869" VPOS="5085" WIDTH="99" HEIGHT="36" CONTENT="what" WC="0.99" CC="0005"/>
							<SP ID="P6_SP00978" HPOS="969" VPOS="5129" WIDTH="14"/>
							<String ID="P6_ST01230" HPOS="983" VPOS="5087" WIDTH="137" HEIGHT="44" CONTENT="you’ve" WC="0.99" CC="000800"/>
							<SP ID="P6_SP00979" HPOS="1120" VPOS="5131" WIDTH="16"/>
							<String ID="P6_ST01231" HPOS="1135" VPOS="5088" WIDTH="162" HEIGHT="38" CONTENT="learned." WC="0.99" CC="00600050"/>
						</TextLine>
						<TextLine ID="P6_TL00254" HPOS="537" VPOS="5131" WIDTH="887" HEIGHT="52">
							<String ID="P6_ST01232" HPOS="537" VPOS="5131" WIDTH="76" HEIGHT="36" CONTENT="The" WC="0.99" CC="030"/>
							<SP ID="P6_SP00980" HPOS="613" VPOS="5167" WIDTH="14"/>
							<String ID="P6_ST01233" HPOS="627" VPOS="5132" WIDTH="241" HEIGHT="46" CONTENT="advantages" WC="1.00" CC="0400050000"/>
							<SP ID="P6_SP00981" HPOS="868" VPOS="5178" WIDTH="13"/>
							<String ID="P6_ST01234" HPOS="880" VPOS="5134" WIDTH="38" HEIGHT="36" CONTENT="of" WC="1.00" CC="00"/>
							<SP ID="P6_SP00982" HPOS="918" VPOS="5178" WIDTH="13"/>
							<String ID="P6_ST01235" HPOS="931" VPOS="5134" WIDTH="71" HEIGHT="38" CONTENT="this" WC="0.98" CC="0800"/>
							<SP ID="P6_SP00983" HPOS="1002" VPOS="5178" WIDTH="16"/>
							<String ID="P6_ST01236" HPOS="1017" VPOS="5135" WIDTH="83" HEIGHT="36" CONTENT="kind" WC="1.00" CC="0000"/>
							<SP ID="P6_SP00984" HPOS="1101" VPOS="5178" WIDTH="13"/>
							<String ID="P6_ST01237" HPOS="1113" VPOS="5135" WIDTH="39" HEIGHT="38" CONTENT="of" WC="1.00" CC="00"/>
							<SP ID="P6_SP00985" HPOS="1153" VPOS="5178" WIDTH="14"/>
							<String ID="P6_ST01238" HPOS="1167" VPOS="5145" WIDTH="175" HEIGHT="38" CONTENT="program" WC="0.99" CC="0640000"/>
							<SP ID="P6_SP00986" HPOS="1342" VPOS="5183" WIDTH="14"/>
							<String ID="P6_ST01239" HPOS="1356" VPOS="5148" WIDTH="68" HEIGHT="28" CONTENT="are" WC="1.00" CC="000"/>
						</TextLine>
						<TextLine ID="P6_TL00255" HPOS="480" VPOS="5180" WIDTH="170" HEIGHT="38">
							<String ID="P6_ST01240" HPOS="480" VPOS="5180" WIDTH="170" HEIGHT="38" CONTENT="obvious." WC="0.99" CC="10040500"/>
						</TextLine>
						<TextLine ID="P6_TL00256" HPOS="537" VPOS="5230" WIDTH="989" HEIGHT="55">
							<String ID="P6_ST01241" HPOS="537" VPOS="5230" WIDTH="74" HEIGHT="36" CONTENT="You" WC="0.99" CC="003"/>
							<SP ID="P6_SP00987" HPOS="611" VPOS="5266" WIDTH="17"/>
							<String ID="P6_ST01242" HPOS="628" VPOS="5231" WIDTH="101" HEIGHT="36" CONTENT="learn" WC="1.00" CC="00000"/>
							<SP ID="P6_SP00988" HPOS="729" VPOS="5268" WIDTH="14"/>
							<String ID="P6_ST01243" HPOS="743" VPOS="5231" WIDTH="135" HEIGHT="47" CONTENT="theory," WC="1.00" CC="0002000"/>
							<SP ID="P6_SP00989" HPOS="879" VPOS="5279" WIDTH="17"/>
							<String ID="P6_ST01244" HPOS="896" VPOS="5235" WIDTH="87" HEIGHT="36" CONTENT="then" WC="1.00" CC="1000"/>
							<SP ID="P6_SP00990" HPOS="983" VPOS="5279" WIDTH="16"/>
							<String ID="P6_ST01245" HPOS="998" VPOS="5244" WIDTH="71" HEIGHT="36" CONTENT="you" WC="0.98" CC="004"/>
							<SP ID="P6_SP00991" HPOS="1069" VPOS="5280" WIDTH="17"/>
							<String ID="P6_ST01246" HPOS="1087" VPOS="5236" WIDTH="102" HEIGHT="36" CONTENT="learn" WC="0.99" CC="30200"/>
							<SP ID="P6_SP00992" HPOS="1189" VPOS="5280" WIDTH="16"/>
							<String ID="P6_ST01247" HPOS="1205" VPOS="5238" WIDTH="83" HEIGHT="36" CONTENT="how" WC="1.00" CC="000"/>
							<SP ID="P6_SP00993" HPOS="1288" VPOS="5280" WIDTH="13"/>
							<String ID="P6_ST01248" HPOS="1301" VPOS="5239" WIDTH="79" HEIGHT="35" CONTENT="well" WC="0.98" CC="0035"/>
							<SP ID="P6_SP00994" HPOS="1380" VPOS="5280" WIDTH="16"/>
							<String ID="P6_ST01249" HPOS="1395" VPOS="5239" WIDTH="131" HEIGHT="46" CONTENT="theory" WC="1.00" CC="100000"/>
						</TextLine>
						<TextLine ID="P6_TL00257" HPOS="479" VPOS="5280" WIDTH="1039" HEIGHT="54">
							<String ID="P6_ST01250" HPOS="479" VPOS="5280" WIDTH="134" HEIGHT="36" CONTENT="works." WC="1.00" CC="004000"/>
							<SP ID="P6_SP00995" HPOS="613" VPOS="5317" WIDTH="17"/>
							<String ID="P6_ST01251" HPOS="630" VPOS="5280" WIDTH="74" HEIGHT="36" CONTENT="You" WC="0.96" CC="236"/>
							<SP ID="P6_SP00996" HPOS="704" VPOS="5317" WIDTH="16"/>
							<String ID="P6_ST01252" HPOS="720" VPOS="5285" WIDTH="63" HEIGHT="41" CONTENT="get" WC="0.98" CC="006"/>
							<SP ID="P6_SP00997" HPOS="783" VPOS="5326" WIDTH="9"/>
							<String ID="P6_ST01253" HPOS="792" VPOS="5282" WIDTH="93" HEIGHT="44" CONTENT="paid" WC="1.00" CC="1010" STYLEREFS="TXT_19"/>
							<SP ID="P6_SP00998" HPOS="885" VPOS="5326" WIDTH="11"/>
							<String ID="P6_ST01254" HPOS="896" VPOS="5283" WIDTH="104" HEIGHT="38" CONTENT="while" WC="0.99" CC="00032"/>
							<SP ID="P6_SP00999" HPOS="1000" VPOS="5326" WIDTH="13"/>
							<String ID="P6_ST01255" HPOS="1013" VPOS="5293" WIDTH="74" HEIGHT="38" CONTENT="you" WC="0.99" CC="003"/>
							<SP ID="P6_SP01000" HPOS="1087" VPOS="5331" WIDTH="17"/>
							<String ID="P6_ST01256" HPOS="1104" VPOS="5285" WIDTH="101" HEIGHT="38" CONTENT="learn" WC="0.99" CC="00450"/>
							<SP ID="P6_SP01001" HPOS="1205" VPOS="5331" WIDTH="14"/>
							<String ID="P6_ST01257" HPOS="1219" VPOS="5288" WIDTH="68" HEIGHT="35" CONTENT="the" WC="0.96" CC="407"/>
							<SP ID="P6_SP01002" HPOS="1287" VPOS="5331" WIDTH="9"/>
							<String ID="P6_ST01258" HPOS="1296" VPOS="5288" WIDTH="170" HEIGHT="46" CONTENT="practice" WC="1.00" CC="00004000"/>
							<SP ID="P6_SP01003" HPOS="1466" VPOS="5334" WIDTH="13"/>
							<String ID="P6_ST01259" HPOS="1479" VPOS="5290" WIDTH="39" HEIGHT="36" CONTENT="of" WC="0.44" CC="46"/>
						</TextLine>
						<TextLine ID="P6_TL00258" HPOS="480" VPOS="5329" WIDTH="1041" HEIGHT="54">
							<String ID="P6_ST01260" HPOS="480" VPOS="5329" WIDTH="137" HEIGHT="47" CONTENT="theory." WC="1.00" CC="0000300"/>
							<SP ID="P6_SP01004" HPOS="617" VPOS="5376" WIDTH="17"/>
							<String ID="P6_ST01261" HPOS="635" VPOS="5331" WIDTH="74" HEIGHT="38" CONTENT="You" WC="0.99" CC="002"/>
							<SP ID="P6_SP01005" HPOS="709" VPOS="5376" WIDTH="16"/>
							<String ID="P6_ST01262" HPOS="724" VPOS="5332" WIDTH="113" HEIGHT="36" CONTENT="make" WC="1.00" CC="0000"/>
							<SP ID="P6_SP01006" HPOS="838" VPOS="5376" WIDTH="14"/>
							<String ID="P6_ST01263" HPOS="852" VPOS="5335" WIDTH="176" HEIGHT="35" CONTENT="contacts" WC="0.99" CC="03141050"/>
							<SP ID="P6_SP01007" HPOS="1028" VPOS="5376" WIDTH="14"/>
							<String ID="P6_ST01264" HPOS="1043" VPOS="5334" WIDTH="79" HEIGHT="38" CONTENT="that" WC="0.97" CC="5035"/>
							<SP ID="P6_SP01008" HPOS="1121" VPOS="5376" WIDTH="14"/>
							<String ID="P6_ST01265" HPOS="1135" VPOS="5345" WIDTH="74" HEIGHT="27" CONTENT="can" WC="0.98" CC="400"/>
							<SP ID="P6_SP01009" HPOS="1209" VPOS="5376" WIDTH="16"/>
							<String ID="P6_ST01266" HPOS="1225" VPOS="5337" WIDTH="88" HEIGHT="46" CONTENT="help" WC="1.00" CC="0000"/>
							<SP ID="P6_SP01010" HPOS="1313" VPOS="5383" WIDTH="11"/>
							<String ID="P6_ST01267" HPOS="1324" VPOS="5346" WIDTH="72" HEIGHT="36" CONTENT="you" WC="1.00" CC="000"/>
							<SP ID="P6_SP01011" HPOS="1397" VPOS="5383" WIDTH="14"/>
							<String ID="P6_ST01268" HPOS="1411" VPOS="5339" WIDTH="110" HEIGHT="38" CONTENT="when" WC="0.99" CC="1002"/>
						</TextLine>
						<TextLine ID="P6_TL00259" HPOS="479" VPOS="5380" WIDTH="282" HEIGHT="46">
							<String ID="P6_ST01269" HPOS="479" VPOS="5387" WIDTH="72" HEIGHT="36" CONTENT="you" WC="0.98" CC="004"/>
							<SP ID="P6_SP01012" HPOS="551" VPOS="5424" WIDTH="16"/>
							<String ID="P6_ST01270" HPOS="567" VPOS="5380" WIDTH="194" HEIGHT="46" CONTENT="graduate." WC="1.00" CC="050042000"/>
						</TextLine>
						<TextLine ID="P6_TL00260" HPOS="539" VPOS="5430" WIDTH="928" HEIGHT="54">
							<String ID="P6_ST01271" HPOS="539" VPOS="5430" WIDTH="269" HEIGHT="38" CONTENT="Northeastern" WC="1.00" CC="304040006000"/>
							<SP ID="P6_SP01013" HPOS="808" VPOS="5468" WIDTH="16"/>
							<String ID="P6_ST01272" HPOS="824" VPOS="5431" WIDTH="159" HEIGHT="47" CONTENT="virtually" WC="0.99" CC="070510400"/>
							<SP ID="P6_SP01014" HPOS="983" VPOS="5479" WIDTH="14"/>
							<String ID="P6_ST01273" HPOS="997" VPOS="5433" WIDTH="173" HEIGHT="39" CONTENT="invented" WC="1.00" CC="20000110"/>
							<SP ID="P6_SP01015" HPOS="1170" VPOS="5479" WIDTH="13"/>
							<String ID="P6_ST01274" HPOS="1183" VPOS="5436" WIDTH="65" HEIGHT="36" CONTENT="the" WC="0.99" CC="300"/>
							<SP ID="P6_SP01016" HPOS="1247" VPOS="5479" WIDTH="16"/>
							<String ID="P6_ST01275" HPOS="1263" VPOS="5438" WIDTH="203" HEIGHT="46" CONTENT="internship" WC="1.00" CC="0030000000"/>
						</TextLine>
						<TextLine ID="P6_TL00261" HPOS="479" VPOS="5477" WIDTH="987" HEIGHT="57">
							<String ID="P6_ST01276" HPOS="479" VPOS="5487" WIDTH="173" HEIGHT="38" CONTENT="program" WC="0.99" CC="0000035"/>
							<SP ID="P6_SP01017" HPOS="652" VPOS="5524" WIDTH="17"/>
							<String ID="P6_ST01277" HPOS="669" VPOS="5480" WIDTH="145" HEIGHT="46" CONTENT="leading" WC="1.00" CC="7000000"/>
							<SP ID="P6_SP01018" HPOS="814" VPOS="5526" WIDTH="14"/>
							<String ID="P6_ST01278" HPOS="828" VPOS="5483" WIDTH="39" HEIGHT="35" CONTENT="to" WC="0.69" CC="60"/>
							<SP ID="P6_SP01019" HPOS="868" VPOS="5526" WIDTH="11"/>
							<String ID="P6_ST01279" HPOS="879" VPOS="5491" WIDTH="91" HEIGHT="38" CONTENT="your" WC="0.98" CC="0044"/>
							<SP ID="P6_SP01020" HPOS="970" VPOS="5529" WIDTH="16"/>
							<String ID="P6_ST01280" HPOS="986" VPOS="5477" WIDTH="109" HEIGHT="49" CONTENT="MBA;" WC="0.97" CC="2065"/>
							<SP ID="P6_SP01021" HPOS="1094" VPOS="5529" WIDTH="19"/>
							<String ID="P6_ST01281" HPOS="1113" VPOS="5483" WIDTH="57" HEIGHT="38" CONTENT="it’s" WC="0.98" CC="0080"/>
							<SP ID="P6_SP01022" HPOS="1170" VPOS="5529" WIDTH="13"/>
							<String ID="P6_ST01282" HPOS="1183" VPOS="5487" WIDTH="222" HEIGHT="38" CONTENT="accredited" WC="1.00" CC="0004000300"/>
							<SP ID="P6_SP01023" HPOS="1405" VPOS="5529" WIDTH="13"/>
							<String ID="P6_ST01283" HPOS="1417" VPOS="5488" WIDTH="49" HEIGHT="46" CONTENT="by" WC="1.00" CC="00"/>
						</TextLine>
						<TextLine ID="P6_TL00262" HPOS="476" VPOS="5528" WIDTH="1052" HEIGHT="47">
							<String ID="P6_ST01284" HPOS="476" VPOS="5528" WIDTH="162" HEIGHT="38" CONTENT="AACSB." WC="0.97" CC="000100"/>
							<SP ID="P6_SP01024" HPOS="638" VPOS="5565" WIDTH="14"/>
							<String ID="P6_ST01285" HPOS="652" VPOS="5529" WIDTH="50" HEIGHT="38" CONTENT="To" WC="1.00" CC="00"/>
							<SP ID="P6_SP01025" HPOS="702" VPOS="5567" WIDTH="14"/>
							<String ID="P6_ST01286" HPOS="717" VPOS="5540" WIDTH="55" HEIGHT="31" CONTENT="us," WC="0.98" CC="400"/>
							<SP ID="P6_SP01026" HPOS="772" VPOS="5572" WIDTH="16"/>
							<String ID="P6_ST01287" HPOS="787" VPOS="5534" WIDTH="76" HEIGHT="35" CONTENT="and" WC="1.00" CC="000"/>
							<SP ID="P6_SP01027" HPOS="863" VPOS="5572" WIDTH="16"/>
							<String ID="P6_ST01288" HPOS="879" VPOS="5534" WIDTH="38" HEIGHT="35" CONTENT="to" WC="1.00" CC="00"/>
							<SP ID="P6_SP01028" HPOS="917" VPOS="5572" WIDTH="14"/>
							<String ID="P6_ST01289" HPOS="931" VPOS="5534" WIDTH="191" HEIGHT="38" CONTENT="hundreds" WC="1.00" CC="10000000"/>
							<SP ID="P6_SP01029" HPOS="1121" VPOS="5572" WIDTH="14"/>
							<String ID="P6_ST01290" HPOS="1135" VPOS="5534" WIDTH="38" HEIGHT="36" CONTENT="of" WC="0.96" CC="00"/>
							<SP ID="P6_SP01030" HPOS="1173" VPOS="5572" WIDTH="14"/>
							<String ID="P6_ST01291" HPOS="1187" VPOS="5535" WIDTH="178" HEIGHT="39" CONTENT="students" WC="1.00" CC="00400000"/>
							<SP ID="P6_SP01031" HPOS="1365" VPOS="5575" WIDTH="13"/>
							<String ID="P6_ST01292" HPOS="1378" VPOS="5539" WIDTH="150" HEIGHT="36" CONTENT="who’ve" WC="0.87" CC="000800"/>
						</TextLine>
						<TextLine ID="P6_TL00263" HPOS="476" VPOS="5580" WIDTH="1061" HEIGHT="50">
							<String ID="P6_ST01293" HPOS="476" VPOS="5586" WIDTH="104" HEIGHT="38" CONTENT="gone" WC="1.00" CC="0000"/>
							<SP ID="P6_SP01032" HPOS="580" VPOS="5624" WIDTH="13"/>
							<String ID="P6_ST01294" HPOS="592" VPOS="5580" WIDTH="156" HEIGHT="46" CONTENT="through" WC="1.00" CC="0000400"/>
							<SP ID="P6_SP01033" HPOS="748" VPOS="5625" WIDTH="16"/>
							<String ID="P6_ST01295" HPOS="764" VPOS="5581" WIDTH="63" HEIGHT="36" CONTENT="the" WC="0.99" CC="100"/>
							<SP ID="P6_SP01034" HPOS="827" VPOS="5625" WIDTH="14"/>
							<String ID="P6_ST01296" HPOS="841" VPOS="5591" WIDTH="184" HEIGHT="38" CONTENT="program," WC="1.00" CC="00000000"/>
							<SP ID="P6_SP01035" HPOS="1025" VPOS="5628" WIDTH="19"/>
							<String ID="P6_ST01297" HPOS="1044" VPOS="5584" WIDTH="57" HEIGHT="36" CONTENT="it’s" WC="0.98" CC="0080"/>
							<SP ID="P6_SP01036" HPOS="1101" VPOS="5628" WIDTH="14"/>
							<String ID="P6_ST01298" HPOS="1115" VPOS="5586" WIDTH="65" HEIGHT="36" CONTENT="the" WC="0.99" CC="200"/>
							<SP ID="P6_SP01037" HPOS="1180" VPOS="5628" WIDTH="11"/>
							<String ID="P6_ST01299" HPOS="1191" VPOS="5595" WIDTH="87" HEIGHT="35" CONTENT="way" WC="1.00" CC="000"/>
							<SP ID="P6_SP01038" HPOS="1277" VPOS="5630" WIDTH="11"/>
							<String ID="P6_ST01300" HPOS="1288" VPOS="5586" WIDTH="79" HEIGHT="38" CONTENT="that" WC="0.99" CC="6000"/>
							<SP ID="P6_SP01039" HPOS="1367" VPOS="5630" WIDTH="16"/>
							<String ID="P6_ST01301" HPOS="1383" VPOS="5587" WIDTH="154" HEIGHT="38" CONTENT="makes'" WC="0.99" CC="020003"/>
						</TextLine>
						<TextLine ID="P6_TL00264" HPOS="477" VPOS="5628" WIDTH="324" HEIGHT="38">
							<String ID="P6_ST01302" HPOS="477" VPOS="5628" WIDTH="63" HEIGHT="36" CONTENT="the" WC="1.00" CC="000"/>
							<SP ID="P6_SP01040" HPOS="540" VPOS="5665" WIDTH="16"/>
							<String ID="P6_ST01303" HPOS="556" VPOS="5631" WIDTH="99" HEIGHT="33" CONTENT="most" WC="1.00" CC="0000"/>
							<SP ID="P6_SP01041" HPOS="655" VPOS="5665" WIDTH="14"/>
							<String ID="P6_ST01304" HPOS="669" VPOS="5639" WIDTH="132" HEIGHT="27" CONTENT="sense." WC="1.00" CC="000000"/>
						</TextLine>
						<TextLine ID="P6_TL00265" HPOS="742" VPOS="5734" WIDTH="739" HEIGHT="129">
							<String ID="P6_ST01305" HPOS="742" VPOS="5734" WIDTH="739" HEIGHT="129" CONTENT="Northeastern" WC="0.99" CC="013307037700" STYLEREFS="TXT_20"/>
						</TextLine>
						<TextLine ID="P6_TL00266" HPOS="739" VPOS="5822" WIDTH="638" HEIGHT="145">
							<String ID="P6_ST01306" HPOS="739" VPOS="5822" WIDTH="25" HEIGHT="145" CONTENT="|" WC="0.37" CC="6" STYLEREFS="TXT_21"/>
							<SP ID="P6_SP01042" HPOS="764" VPOS="5967" WIDTH="71"/>
							<String ID="P6_ST01307" HPOS="835" VPOS="5822" WIDTH="542" HEIGHT="145" CONTENT="University" WC="0.99" CC="6360041073" STYLEREFS="TXT_21"/>
						</TextLine>
						<TextLine ID="P6_TL00267" HPOS="742" VPOS="6009" WIDTH="620" HEIGHT="39">
							<String ID="P6_ST01308" HPOS="742" VPOS="6009" WIDTH="24" HEIGHT="30" CONTENT="If" WC="0.88" CC="02" STYLEREFS="TXT_22"/>
							<SP ID="P6_SP01043" HPOS="765" VPOS="6039" WIDTH="8"/>
							<String ID="P6_ST01309" HPOS="773" VPOS="6013" WIDTH="88" HEIGHT="33" CONTENT="youd" WC="0.99" CC="0409" STYLEREFS="TXT_22"/>
							<SP ID="P6_SP01044" HPOS="861" VPOS="6046" WIDTH="8"/>
							<String ID="P6_ST01310" HPOS="869" VPOS="6013" WIDTH="52" HEIGHT="27" CONTENT="like" WC="1.00" CC="0000" STYLEREFS="TXT_22"/>
							<SP ID="P6_SP01045" HPOS="921" VPOS="6046" WIDTH="11"/>
							<String ID="P6_ST01311" HPOS="932" VPOS="6014" WIDTH="30" HEIGHT="27" CONTENT="to" WC="0.71" CC="22" STYLEREFS="TXT_22"/>
							<SP ID="P6_SP01046" HPOS="962" VPOS="6046" WIDTH="8"/>
							<String ID="P6_ST01312" HPOS="970" VPOS="6013" WIDTH="87" HEIGHT="28" CONTENT="know" WC="0.97" CC="5053" STYLEREFS="TXT_22"/>
							<SP ID="P6_SP01047" HPOS="1057" VPOS="6046" WIDTH="8"/>
							<String ID="P6_ST01313" HPOS="1065" VPOS="6019" WIDTH="88" HEIGHT="25" CONTENT="more," WC="0.99" CC="00033" STYLEREFS="TXT_22"/>
							<SP ID="P6_SP01048" HPOS="1153" VPOS="6046" WIDTH="13"/>
							<String ID="P6_ST01314" HPOS="1165" VPOS="6013" WIDTH="106" HEIGHT="35" CONTENT="please" WC="0.99" CC="902000" STYLEREFS="TXT_22"/>
							<SP ID="P6_SP01049" HPOS="1271" VPOS="6047" WIDTH="9"/>
							<String ID="P6_ST01315" HPOS="1280" VPOS="6013" WIDTH="82" HEIGHT="30" CONTENT="write." WC="1.00" CC="020000" STYLEREFS="TXT_22"/>
						</TextLine>
						<TextLine ID="P6_TL00268" HPOS="746" VPOS="6049" WIDTH="474" HEIGHT="36">
							<String ID="P6_ST01316" HPOS="746" VPOS="6049" WIDTH="47" HEIGHT="28" CONTENT="We" WC="0.89" CC="20" STYLEREFS="TXT_22"/>
							<SP ID="P6_SP01050" HPOS="794" VPOS="6077" WIDTH="6"/>
							<String ID="P6_ST01317" HPOS="800" VPOS="6049" WIDTH="22" HEIGHT="28" CONTENT="'ll" WC="1.00" CC="000" STYLEREFS="TXT_22"/>
							<SP ID="P6_SP01051" HPOS="822" VPOS="6077" WIDTH="6"/>
							<String ID="P6_ST01318" HPOS="828" VPOS="6052" WIDTH="80" HEIGHT="27" CONTENT="send" WC="0.98" CC="0403" STYLEREFS="TXT_22"/>
							<SP ID="P6_SP01052" HPOS="909" VPOS="6079" WIDTH="8"/>
							<String ID="P6_ST01319" HPOS="917" VPOS="6057" WIDTH="57" HEIGHT="28" CONTENT="you" WC="0.99" CC="030" STYLEREFS="TXT_22"/>
							<SP ID="P6_SP01053" HPOS="973" VPOS="6085" WIDTH="9"/>
							<String ID="P6_ST01320" HPOS="983" VPOS="6050" WIDTH="47" HEIGHT="30" CONTENT="full" WC="1.00" CC="0000" STYLEREFS="TXT_22"/>
							<SP ID="P6_SP01054" HPOS="1030" VPOS="6085" WIDTH="6"/>
							<String ID="P6_ST01321" HPOS="1036" VPOS="6050" WIDTH="184" HEIGHT="31" CONTENT="information." WC="1.00" CC="000510000200" STYLEREFS="TXT_22"/>
						</TextLine>
						<TextLine ID="P6_TL00269" HPOS="740" VPOS="6096" WIDTH="445" HEIGHT="43">
							<String ID="P6_ST01322" HPOS="740" VPOS="6096" WIDTH="173" HEIGHT="39" CONTENT="Susan" WC="1.00" CC="00000" STYLEREFS="TXT_23"/>
							<SP ID="P6_SP01055" HPOS="913" VPOS="6135" WIDTH="16"/>
							<String ID="P6_ST01323" HPOS="929" VPOS="6098" WIDTH="46" HEIGHT="39" CONTENT="V." WC="0.82" CC="03" STYLEREFS="TXT_23"/>
							<SP ID="P6_SP01056" HPOS="975" VPOS="6137" WIDTH="19"/>
							<String ID="P6_ST01324" HPOS="994" VPOS="6099" WIDTH="191" HEIGHT="39" CONTENT="Lawler" WC="1.00" CC="400000" STYLEREFS="TXT_23"/>
						</TextLine>
						<TextLine ID="P6_TL00270" HPOS="740" VPOS="6151" WIDTH="767" HEIGHT="47">
							<String ID="P6_ST01325" HPOS="740" VPOS="6151" WIDTH="225" HEIGHT="39" CONTENT="Coordinator," WC="1.00" CC="020060000400" STYLEREFS="TXT_24"/>
							<SP ID="P6_SP01057" HPOS="965" VPOS="6191" WIDTH="16"/>
							<String ID="P6_ST01326" HPOS="981" VPOS="6153" WIDTH="241" HEIGHT="43" CONTENT="Management" WC="1.00" CC="6004002000" STYLEREFS="TXT_24"/>
							<SP ID="P6_SP01058" HPOS="1222" VPOS="6195" WIDTH="14"/>
							<String ID="P6_ST01327" HPOS="1236" VPOS="6156" WIDTH="102" HEIGHT="33" CONTENT="Intern" WC="0.99" CC="500045" STYLEREFS="TXT_24"/>
							<SP ID="P6_SP01059" HPOS="1339" VPOS="6195" WIDTH="14"/>
							<String ID="P6_ST01328" HPOS="1353" VPOS="6157" WIDTH="154" HEIGHT="41" CONTENT="Program" WC="0.99" CC="0510200" STYLEREFS="TXT_24"/>
						</TextLine>
						<TextLine ID="P6_TL00271" HPOS="740" VPOS="6195" WIDTH="806" HEIGHT="42">
							<String ID="P6_ST01329" HPOS="740" VPOS="6195" WIDTH="173" HEIGHT="35" CONTENT="Graduate" WC="1.00" CC="20010000" STYLEREFS="TXT_24"/>
							<SP ID="P6_SP01060" HPOS="913" VPOS="6230" WIDTH="13"/>
							<String ID="P6_ST01330" HPOS="926" VPOS="6197" WIDTH="124" HEIGHT="35" CONTENT="School" WC="0.99" CC="005101" STYLEREFS="TXT_24"/>
							<SP ID="P6_SP01061" HPOS="1050" VPOS="6231" WIDTH="13"/>
							<String ID="P6_ST01331" HPOS="1063" VPOS="6200" WIDTH="33" HEIGHT="31" CONTENT="of" WC="0.85" CC="02" STYLEREFS="TXT_24"/>
							<SP ID="P6_SP01062" HPOS="1096" VPOS="6231" WIDTH="14"/>
							<String ID="P6_ST01332" HPOS="1110" VPOS="6198" WIDTH="164" HEIGHT="35" CONTENT="Business" WC="1.00" CC="00000000" STYLEREFS="TXT_24"/>
							<SP ID="P6_SP01063" HPOS="1274" VPOS="6233" WIDTH="9"/>
							<String ID="P6_ST01333" HPOS="1283" VPOS="6202" WIDTH="263" HEIGHT="35" CONTENT="Administration" WC="1.00" CC="00900000001000" STYLEREFS="TXT_24"/>
						</TextLine>
						<TextLine ID="P6_TL00272" HPOS="743" VPOS="6239" WIDTH="440" HEIGHT="45">
							<String ID="P6_ST01334" HPOS="743" VPOS="6239" WIDTH="244" HEIGHT="35" CONTENT="Northeastern" WC="1.00" CC="601002000030" STYLEREFS="TXT_24"/>
							<SP ID="P6_SP01064" HPOS="987" VPOS="6274" WIDTH="14"/>
							<String ID="P6_ST01335" HPOS="1002" VPOS="6243" WIDTH="181" HEIGHT="41" CONTENT="University" WC="1.00" CC="0000063000" STYLEREFS="TXT_24"/>
						</TextLine>
						<TextLine ID="P6_TL00273" HPOS="742" VPOS="6287" WIDTH="728" HEIGHT="43">
							<String ID="P6_ST01336" HPOS="742" VPOS="6287" WIDTH="68" HEIGHT="31" CONTENT="360" WC="1.00" CC="000" STYLEREFS="TXT_24"/>
							<SP ID="P6_SP01065" HPOS="809" VPOS="6318" WIDTH="16"/>
							<String ID="P6_ST01337" HPOS="825" VPOS="6288" WIDTH="198" HEIGHT="41" CONTENT="Huntington" WC="0.99" CC="0500607030" STYLEREFS="TXT_24"/>
							<SP ID="P6_SP01066" HPOS="1024" VPOS="6329" WIDTH="11"/>
							<String ID="P6_ST01338" HPOS="1035" VPOS="6290" WIDTH="87" HEIGHT="36" CONTENT="Ave.," WC="1.00" CC="00000" STYLEREFS="TXT_24"/>
							<SP ID="P6_SP01067" HPOS="1121" VPOS="6329" WIDTH="17"/>
							<String ID="P6_ST01339" HPOS="1139" VPOS="6290" WIDTH="134" HEIGHT="38" CONTENT="Boston," WC="0.99" CC="0201400" STYLEREFS="TXT_24"/>
							<SP ID="P6_SP01068" HPOS="1272" VPOS="6329" WIDTH="14"/>
							<String ID="P6_ST01340" HPOS="1287" VPOS="6291" WIDTH="61" HEIGHT="31" CONTENT="MA" WC="0.68" CC="60" STYLEREFS="TXT_24"/>
							<SP ID="P6_SP01069" HPOS="1348" VPOS="6329" WIDTH="9"/>
							<String ID="P6_ST01341" HPOS="1357" VPOS="6291" WIDTH="112" HEIGHT="35" CONTENT="02115" WC="1.00" CC="00000" STYLEREFS="TXT_24"/>
						</TextLine>
					</TextBlock>
				</ComposedBlock>
			</PrintSpace>
		</Page>
	</Layout>
</alto>
