4386 6616
71 931 50 38 he
154 928 72 39 left
260 928 137 46 home,
433 926 50 39 he
521 923 79 41 had
638 923 106 39 been
781 934 54 27 on
872 921 99 44 and,
991 918 63 39 off

69 984 172 43 General
266 984 137 39 Public
427 986 246 36 Assistance.
702 983 28 38 It
753 992 83 27 was
861 980 61 38 his
950 976 104 50 High

71 1044 164 41 School'
265 1043 206 49 guidance
513 1039 235 47 counselor,
792 1041 93 36 Mrs.
935 1039 123 36 Anna

71 1104 217 44 deNevers,
310 1101 96 38 who
428 1099 87 39 first
540 1096 173 41 referred
740 1098 145 38 Morris
912 1102 46 31 to
984 1094 71 39 the

71 1161 173 39 Welfare
261 1162 269 44 Department
543 1156 135 39 where
696 1154 52 39 he
764 1165 83 27 was
865 1151 191 49 formally

71 1217 200 43 admitted
298 1224 43 33 to
367 1217 71 38 the
468 1216 90 38 rolls
589 1217 36 35 in
654 1213 107 49 April
789 1211 46 41 of
863 1214 120 36 1972.

126 1279 66 38 His
217 1277 85 38 first
324 1276 244 46 experience
592 1271 96 41 with
713 1269 175 43 General
917 1269 139 38 Public

71 1339 235 36 Assistance
324 1331 129 43 lasted
472 1331 98 47 only
587 1343 22 27 a
627 1331 80 39 few
728 1328 165 41 months
913 1326 143 39 before

74 1394 50 39 he
143 1405 82 27 was
247 1392 93 39 able
361 1398 44 31 to
427 1402 143 28 secure
591 1387 298 47 employment.
913 1387 143 36 Morris

74 1450 186 41 returned
293 1457 46 31 to
370 1449 69 39 the
472 1447 131 39 office
636 1446 94 49 and,
761 1444 198 47 thanking
997 1443 61 39 his

72 1510 126 39 social
224 1509 153 39 worker
402 1507 63 39 for
490 1506 72 41 the
591 1504 107 49 help,
723 1502 217 50 explained
967 1502 93 39 that

76 1569 49 41 he
148 1567 135 41 would
310 1573 74 33 not
408 1565 106 39 need
542 1565 225 38 assistance
795 1575 79 35 any
904 1561 151 49 longer.

77 1630 72 36 But
172 1631 71 33 not
265 1625 94 47 long
381 1624 115 46 after,
515 1625 143 36 Morris
679 1635 82 27 was
783 1627 44 35 to
849 1622 162 38 receive
1036 1631 22 27 a

74 1685 192 39 different
279 1690 98 41 type
392 1682 44 39 of
455 1682 107 49 help.
586 1683 150 44 During
753 1679 72 41 the
841 1685 83 33 two
942 1690 117 36 years

76 1743 50 39 he
156 1742 140 49 stayed
331 1754 113 33 away
477 1739 104 41 from
614 1739 72 39 the
717 1737 167 39 welfare
917 1735 143 47 office,

76 1800 124 43 social
220 1811 205 38 pressures
446 1800 132 46 began
602 1805 43 31 to
665 1795 132 49 weigh
820 1795 162 47 heavily
1002 1808 55 27 on

76 1861 142 38 Morris
241 1858 79 39 and
346 1858 52 38 he
420 1869 83 27 was
526 1855 143 49 finally
693 1854 202 43 admitted
920 1860 46 33 to
987 1852 72 41 the

76 1917 176 41 Medical
280 1918 148 38 Center
457 1918 36 36 in
523 1917 211 38 Cranston.
767 1915 58 36 He
852 1924 82 27 was
962 1912 98 47 kept

76 1976 113 41 there
219 1975 115 41 three
367 1973 167 41 months
567 1973 143 39 before
742 1972 98 47 they
874 1970 184 39 released

77 2035 93 39 him.

129 2096 150 44 During
310 2091 60 39 his
400 2098 88 41 stay
518 2096 41 35 at
591 2090 71 39 the
696 2088 175 39 medical
907 2093 154 41 center,

77 2164 164 28 sources
268 2150 139 39 within
435 2148 71 41 the
534 2151 269 44 Department
828 2146 46 38 of
901 2145 157 41 Mental

79 2209 143 41 Health
252 2222 69 35 say
346 2209 90 38 that
461 2209 157 36 Morris'
644 2205 198 41 behavior
869 2202 191 50 changed

79 2268 257 49 profoundly.
387 2268 60 38 He
498 2266 176 38 became
724 2261 233 43 somewhat
1008 2265 38 36 in-

79 2328 209 46 coherent,
317 2324 80 41 and
427 2323 131 41 found
592 2326 27 36 it
650 2321 180 41 difficult
861 2328 46 33 to
942 2321 120 39 relax.

79 2387 217 46 Returning
313 2392 44 31 to
375 2383 69 41 the
461 2383 165 39 welfare
644 2381 131 39 office
795 2383 36 36 in
852 2378 143 41 search
1019 2376 44 41 of

79 2447 235 43 assistance,
340 2443 52 39 he
419 2454 82 27 was
529 2447 72 43 put
627 2452 54 27 on
709 2439 72 39 the
806 2438 110 41 work
950 2436 113 41 relief

79 2515 197 36 program.
296 2504 58 36 He
369 2507 110 33 went
491 2507 46 31 to
550 2499 110 39 work
676 2498 63 41 for
754 2498 71 41 the
846 2496 115 41 Parks
981 2496 80 39 and

80 2564 238 38 Recreation
339 2573 184 36 program
545 2561 38 36 in
602 2557 71 41 the
691 2559 82 46 city
792 2569 54 27 on
871 2556 106 47 April
1005 2556 60 46 10,

82 2624 110 38 1975.
211 2622 186 46 Drawing
416 2630 22 30 a
454 2617 157 47 weekly
630 2622 197 43 payment
844 2614 44 39 of
906 2616 161 46 $50.52,

79 2680 52 39 he
153 2679 128 41 lasted
307 2679 99 39 until
431 2674 110 54 early
565 2676 85 47 July
672 2676 120 38 when
819 2672 52 41 he
896 2672 74 41 left
992 2671 72 43 the

79 2739 107 39 work
216 2737 112 39 relief
354 2748 198 36 program.
586 2739 30 36 It
644 2737 28 38 is
701 2731 161 52 alleged
879 2731 104 54 .that
1013 2731 52 41 he

79 2800 142 36 wasn't
246 2795 184 49 showing
458 2808 54 36 up
539 2794 63 39 for
627 2792 121 39 work.

132 2854 230 50 According
397 2861 46 33 to
476 2855 150 36 Vinnie
665 2852 302 44 Pierdominici,
1003 2849 61 39 his

80 2913 126 41 social
249 2913 153 39 worker
444 2918 39 33 at
523 2910 72 41 the
636 2913 113 44 time,
797 2910 140 38 Morris
981 2920 83 28 was

83 2973 277 47 complaining
402 2970 175 39 without
620 2967 268 50 justification
935 2965 132 41 about

82 3033 71 39 the
202 3030 121 41 work.
375 3028 285 41 Pierdominici
710 3039 82 27 was
846 3025 124 39 heard
1020 3030 46 33 to

85 3096 211 35 comment
312 3087 156 43 around
483 3087 71 39 the
569 3085 129 39 office
715 3083 88 41 that
822 3085 145 36 Morris
984 3094 83 27 was

1117 2981 128 44 trying
1265 2983 46 31 to
1331 2970 257 49 manipulate
1609 2967 82 43 him
1715 2965 80 43 and
1817 2965 91 39 that
1929 2964 52 39 he

1118 3033 255 49 manipulate
1397 3043 117 27 some
1542 3027 154 50 people
1723 3024 156 41 around
1909 3022 98 39 here
2033 3020 72 39 but

1120 3094 52 38 he
1198 3094 109 38 can't
1334 3087 257 49 manipulate

2243 2969 58 36 An
2340 2965 173 39 unusual
2551 2967 124 38 series
2710 2964 47 39 of
2792 2969 145 35 events
2975 2961 202 41 occurred

2192 3025 186 38 between
2416 3024 71 39 the
2523 3024 85 38 first
2643 3022 115 39 week
2792 3020 44 41 of
2871 3020 189 41 October
3096 3019 79 41 and

2192 3082 233 39 November
2449 3085 33 43 1,
2506 3083 112 38 1975.
2644 3080 112 39 After
2780 3082 143 38 Morris
2946 3091 82 27 was
3054 3079 121 39 taken

2191 3140 61 39 off
2279 3139 110 41 work
2419 3139 115 41 relief
2569 3142 36 36 in
2641 3139 98 46 July,
2772 3137 58 39 his
2866 3143 197 41 payment
3094 3148 82 27 was

2192 3198 178 41 reduced
2413 3205 44 31 to
2499 3198 156 39 $40.00.
2699 3198 146 36 Vinnie
2890 3195 285 39 Pierdominici

2189 3263 110 33 went
2350 3268 52 28 on
2455 3258 195 36 vacation
2707 3258 36 36 in
2800 3252 243 50 September
3096 3252 80 39 and

2191 3313 173 43 another
2381 3313 126 41 social
2528 3313 156 39 worker
2698 3312 101 39 took
2816 3312 72 39 the
2906 3323 96 28 case
3022 3312 65 38 for
3106 3310 71 39 the

2189 3376 112 38 time.
2346 3373 104 47 Early
2496 3375 35 36 in
2573 3372 189 39 October
2802 3370 71 39 the
2915 3383 91 27 new
3047 3369 128 41 social

2189 3433 154 38 worker
2391 3430 209 39 increased
2647 3430 60 39 his
2754 3435 195 44 payment
2997 3435 44 36 to
3090 3428 90 46 $5O,

2192 3491 181 41 because
2402 3491 143 38 Morris
2575 3501 82 28 was
2688 3487 104 41 back
2824 3501 54 27 on
2907 3487 110 39 work
3049 3487 126 38 relief.

2192 3565 131 41 When
2345 3564 282 41 Pierdominici
2647 3559 187 41 returned
2852 3559 104 43 from
2975 3559 208 44 vacation,

2197 3625 50 43 he
2276 3622 178 41 reduced
2482 3620 72 41 the
2583 3625 197 44 payment
2802 3625 47 33 to
2876 3619 88 41 $35.

2247 3682 83 39 The
2359 3680 186 41 incident
2575 3679 79 41 had
2685 3691 22 27 a
2737 3679 200 38 dramatic
2967 3674 131 41 effect
3126 3687 55 27 on

2195 3745 156 36 Morris.
2369 3739 115 41 Afew
2501 3739 101 47 days
2622 3739 110 44 later,
2750 3750 52 25 on
2825 3734 235 41 November
3077 3737 36 44 4,
3131 3732 52 41 he

2198 3800 79 41 had
2310 3808 46 31 to
2389 3805 131 35 return
2554 3805 44 31 to
2635 3797 71 38 the
2740 3794 180 41 Medical
2959 3795 148 38 Center
3145 3794 38 38 in

2192 3876 198 38 Cranston
2431 3874 132 47 again.
2608 3869 282 41 Pierdominici
2932 3866 134 44 called
3109 3866 74 41 the

2194 3931 180 41 Medical
2398 3932 148 41 Center
2573 3932 35 36 in
2638 3931 198 38 Cranston
2866 3928 79 39 and
2976 3924 203 41 informed

2194 3994 143 36 Morris
2351 3991 90 39 that
2457 3989 58 39 his
2532 4000 96 28 case
2643 4000 83 27 was
2742 3987 123 47 being
2883 3984 142 43 closed
3044 3987 134 47 again.

2194 4052 145 36 Morris
2359 4047 209 39 remained
2592 4054 41 33 at
2654 4046 69 41 the
2745 4044 180 41 Medical
2948 4046 148 39 Center
3120 4044 61 38 for

2192 4107 121 46 thirty
2340 4107 99 46 days
2466 4106 79 41 this
2572 4107 115 38 time.

2249 4165 282 39 Pierdominici
2583 4175 91 36 says
2723 4162 91 39 that
2863 4164 145 36 Morris
3060 4173 124 27 never

2195 4224 164 49 applied
2394 4224 63 39 for
2488 4222 178 39 welfare.
2701 4224 72 38 Yet
2806 4220 72 41 the
2913 4219 87 41 first
3036 4230 145 28 reason

2197 4282 117 39 listed
2332 4282 63 39 for
2411 4280 72 41 the
2501 4279 328 43 denialwhich
2847 4291 83 27 was
2948 4279 157 38 written
3131 4276 54 49 by

2198 4340 315 41 Pierdominici
2570 4337 183 41 himself
2762 4348 140 27 was
2954 4335 99 44 that
3106 4334 79 41 the

2195 4402 214 44 screening
2463 4398 254 47 application
2772 4408 82 27 was
2913 4392 268 49 incomplete.

2198 4458 280 39 Pierdominici
2504 4455 87 41 said
2613 4455 91 39 that
2724 4468 121 33 many
2868 4452 44 41 of
2934 4452 71 41 the
3031 4452 153 49 people

2195 4531 54 25 on
2285 4513 165 43 welfare
2487 4513 140 41 "don't
2661 4513 121 39 know
2819 4513 93 38 how
2950 4518 44 33 to
3033 4517 69 33 act
3140 4521 44 28 or

2380 4581 58 36 He
2471 4576 180 41 asserted
2680 4576 90 39 that
2800 4575 113 41 there
2946 4578 28 36 is
3009 4575 175 47 nothing

2195 4650 139 36 wrong
2350 4635 96 41 with
2465 4636 72 39 the
2554 4649 90 33 way
2661 4635 69 39 the
2751 4635 153 38 Russell
2923 4635 145 38 Morris
3088 4644 96 27 case

2195 4709 82 27 was
2301 4696 191 39 handled.
2581 4694 117 39 don't
2720 4693 115 39 think
2858 4693 117 39 there
2997 4704 82 27 was
3106 4704 79 35 any

2197 4756 172 38 mistake
2400 4754 132 38 made.
2570 4756 66 36 I'm
2668 4756 129 44 trying
2827 4759 44 33 to
2901 4764 96 27 save
3028 4764 46 27 us
3106 4764 79 35 any

2523 4811 52 39 he
2627 4809 101 39 said.
2787 4806 318 39 Pierdominici.
3129 4809 38 33 at-

2195 4871 172 41 tributes
2411 4871 156 38 Morris'
2609 4869 167 39 welfare
2827 4868 145 39 refusal
3020 4874 44 31 to
3113 4866 71 39 the

2206 4928 282 50 Employables
2518 4931 90 43 Act,
2636 4924 132 41 which
2800 4931 110 33 went
2942 4928 87 36 into
3061 4923 131 43 effect

2198 4984 238 52 September
2479 4991 35 43 1,
2557 4989 110 38 1976.
2712 4980 82 46 the
2836 4992 68 33 act
2945 4984 239 47 etfectively

2198 5052 189 44 prevents
2427 5060 79 35 any
2546 5044 243 49 potentially
2827 5044 208 38 workable
3077 5044 107 38 male

2197 5104 104 41 from
2331 5104 222 47 collecting
2580 5104 178 38 welfare.

2254 5165 76 38 I've
2353 5170 71 41 got
2447 5175 24 27 a
2496 5161 302 49 responsibility
2820 5167 46 33 to
2891 5159 197 41 mandate
3113 5159 72 41 the

2200 5224 72 38 law
2293 5220 134 41 which
2449 5227 110 33 went
2583 5224 87 36 into
2688 5219 131 39 effect
2839 5231 83 27 one
2946 5217 82 41 and
3054 5230 22 27 a
3102 5217 85 39 half

2198 5279 167 43 months
2402 5290 90 38 ago.
2531 5280 72 38 We
2641 5279 104 38 have
2781 5283 44 33 to
2863 5277 241 39 administer
3140 5282 46 33 to

2200 5339 150 49 people
2369 5337 224 47 according
2609 5343 44 33 to
2671 5335 71 39 the
2898 5334 287 41 Pierdominici

2200 5397 167 39 insisted
2397 5400 36 35 in
2463 5394 301 41 mid-October.
2795 5397 76 38 But
2901 5397 28 36 it
2957 5406 82 27 was
3071 5405 115 27 more

2197 5455 99 41 than
2313 5458 22 36 2
2351 5454 80 43 and
2447 5468 83 27 one
2546 5452 85 41 half
2646 5452 167 41 months
2827 5465 80 36 ago
2923 5452 90 39 that
3031 5450 153 39 Russell

2198 5517 143 38 Morris
2378 5526 120 27 came
2532 5520 44 33 to
2611 5512 72 41 the
2718 5512 167 39 welfare
2923 5510 263 47 department

2202 5573 164 46 looking
2392 5572 61 39 for
2480 5573 227 36 assistance
2735 5569 79 41 and
2843 5581 82 28 was
2954 5567 176 41 refused.

2250 5635 33 35 A
2306 5630 173 39 number
2498 5628 46 41 of
2564 5628 126 41 social
2715 5627 175 41 workers
2913 5633 110 33 went
3046 5633 44 33 to
3115 5638 71 27 see

2197 5691 150 39 Vinnie
2395 5687 283 43 Pierdominici
2734 5688 36 38 in
2822 5687 157 39 Morris'
3030 5683 154 41 behalf.

2198 5748 231 47 According
2479 5753 47 35 to
2575 5759 25 27 a
2654 5745 165 41 reliable
2872 5756 162 36 source,
3088 5745 80 38 Pier-

2200 5808 195 39 dominici
2436 5805 87 41 told
2562 5805 115 39 them
2715 5803 91 41 that
2843 5802 98 50 they
2981 5814 107 28 were
3132 5803 38 38 in-

2198 5865 192 49 terfering
2402 5863 98 41 with
2513 5861 74 43 the
2602 5876 98 28 case
2713 5861 80 41 and
2813 5861 101 49 they
2929 5860 150 43 should
3096 5866 90 41 stay

2198 5931 74 33 out
2294 5923 46 41 fo
2365 5926 39 38 it.
2435 5924 38 38 In
2502 5921 203 47 addition,
2731 5921 120 39 Steve
2879 5920 235 39 Lieberman
3142 5917 46 39 of

2198 5983 71 39 the
2301 5983 143 39 ROAD
2471 5980 252 47 Counseling
2756 5983 198 44 Program,
2984 5975 139 43 which
3156 5980 31 38 is

2198 6039 159 41 funded
2409 6039 54 49 by
2518 6038 74 41 the
2646 6044 107 35 state
2809 6035 157 43 Mental
3027 6035 161 47 Health,

2202 6098 261 41 Retardation
2485 6096 82 43 and
2591 6096 208 50 Hospitals
2819 6096 200 47 (MHRH),
3038 6106 85 28 was
3148 6096 38 36 in

2202 6156 318 43 Pierdominici's
2550 6154 129 41 office
2709 6153 71 41 the
2809 6165 94 33 very
2932 6153 80 46 day
3043 6154 145 38 Morris

3290 3076 120 38 Steve
3427 3072 233 41 Lieberman
3679 3072 180 41 believes
3872 3072 88 39 that
3975 3076 143 36 Morris
4137 3085 80 27 was

3231 3137 217 47 incapable
3482 3135 44 39 of
3562 3135 169 47 holding
3767 3148 24 27 a
3827 3134 68 47 job
3931 3132 80 41 and
4050 3131 159 41 needed

3233 3194 238 41 immediate
3501 3192 126 41 relief.
3660 3195 49 36 At
3739 3192 69 39 the
3838 3194 99 38 time
3970 3192 143 38 Morris
4148 3203 44 35 ap-

3233 3252 107 49 plied
3365 3252 61 39 for
3443 3252 184 46 welfare,
3652 3263 20 27 a
3698 3252 129 38 social
3855 3250 154 38 worker
4036 3249 79 38 had
4143 3249 69 38 the

3231 3324 135 35 power
3409 3318 43 31 to
3494 3310 109 38 hand
3646 3321 98 27 over
3784 3321 24 27 a
3852 3307 101 41 food
3998 3306 80 41 and
4126 3313 87 33 rent

3230 3370 202 39 vouchers
3455 3375 44 35 to
3524 3369 98 39 hold
3647 3380 96 28 over
3767 3367 69 39 the
3861 3367 126 39 client
4014 3365 99 39 until
4142 3365 69 39 the

3231 3427 236 50 paperwork
3483 3427 124 39 could
3628 3427 50 38 be
3699 3425 250 47 completed.
3972 3427 142 36 Morris
4132 3422 79 39 had

3233 3487 235 47 repeatedly
3494 3485 123 39 asked
3643 3483 63 39 for
3728 3483 71 39 the
3825 3482 216 46 vouchers,
4068 3482 146 47 having

3233 3557 55 27 no
3307 3545 102 38 food
3431 3556 44 27 or
3496 3543 121 49 place
3636 3548 46 35 to
3704 3548 98 41 stay,
3825 3540 115 41 often
3967 3540 184 47 sleeping
4176 3542 36 36 in

3230 3603 72 41 the
3329 3609 124 35 street
3479 3616 44 27 or
3550 3600 217 47 anywhere
3794 3600 85 41 else
3906 3600 52 39 he
3984 3598 139 39 could.

3236 2957 110 47 died,
3376 2957 191 49 pleading
3602 2956 94 41 with
3731 2956 82 41 him
3847 2964 44 33 to
3924 2956 120 39 allow
4079 2957 142 38 Morris

3236 3028 118 27 some
3381 3017 238 38 assistance.

3290 5504 94 43 Fred
3402 5504 173 47 Collard,
3589 5517 22 27 a
3630 5504 93 47 long
3739 5504 101 39 time
3854 5501 131 39 friend
4002 5499 44 39 of
4066 5499 153 39 Russell

3236 5567 156 44 Morris,
3409 5576 83 28 saw
3510 5565 143 36 Morris
3671 5561 71 41 the
3759 5561 79 49 day
3861 5559 142 41 before
4025 5557 52 41 he
4098 5556 121 41 killed

3239 5622 173 41 himself.
3537 5635 120 27 came
3674 5633 99 27 over
3791 5617 79 41 and
3888 5630 82 28 was
3992 5617 50 39 all

3236 5680 161 41 Collard
3419 5680 99 41 said.
3649 5679 151 39 started
3820 5685 46 33 to
3888 5688 121 28 moan
4035 5674 79 41 and
4140 5687 79 36 cry.

3239 5743 60 38 He
3317 5739 87 43 said
3424 5739 50 41 he
3493 5739 131 39 didn't
3641 5737 106 39 have
3765 5734 216 49 anywhere
4002 5740 44 33 to
4066 5746 52 36 go
4140 5731 79 41 and

3238 5800 90 41 that
3345 5798 99 49 they
3461 5809 109 28 were
3592 5800 131 44 trying
3745 5802 46 33 to
3816 5794 118 41 make
3957 5806 50 27 an
4035 5792 187 49 example

3238 5858 44 39 of
3298 5857 82 39 him
3397 5863 41 33 at
3450 5855 72 41 the
3540 5854 165 43 welfare
3723 5852 140 41 office.
3888 5855 8 36 I
3917 5850 162 41 offered
4098 5850 80 39 him
4200 5861 24 27 a

3239 5917 120 49 place
3381 5921 46 35 to
3449 5921 90 41 stay
3562 5913 80 41 and
3671 5924 118 28 some
3814 5912 117 46 food,
3956 5910 72 39 but
4057 5909 50 39 he
4134 5907 87 41 said

3238 5975 91 41 that
3345 5975 54 39 he
3414 5973 132 41 didn't
3561 5978 110 35 want
3688 5978 44 33 to
3751 5969 153 43 mooch
3926 5967 63 43 off
4009 5981 79 27 me.
4110 5965 110 43 Then

3241 6035 50 39 he
3318 6033 102 47 said,
3444 6035 91 36 'l've
3562 6036 72 44 got
3660 6028 236 49 something
3920 6035 46 35 to
3992 6027 69 41 do.
4093 6025 131 41 Catch

3238 6104 83 36 you
3350 6090 183 41 around.'

3457 6151 11 38 I
3496 6148 124 41 heard
3647 6146 93 41 that
3765 6145 52 41 he
3841 6157 83 27 was

148 339 61 71 A
238 329 250 80 social
520 328 298 80 worker
846 324 164 79 had
1036 323 139 80 the
1200 346 279 71 power
1506 335 87 65 to
1622 317 222 80 hand
1869 340 194 55 over
2088 340 44 54 a
2173 312 200 80 food
2395 310 164 82 and
2584 323 173 65 rent
2789 304 395 82 vouchers
3214 318 85 65 to
3331 299 200 80 hold
3554 321 194 57 over
3775 294 306 80 Russell

151 455 271 79 Morris
455 449 197 82 until
680 447 139 82 the
844 439 469 102 paperwork
1348 435 252 87 could
1625 435 104 80 be
1757 428 496 101 completed.
2309 439 117 72 He
2454 428 162 83 had
2639 425 469 99 repeatedly
3134 417 254 83 asked
3417 417 120 79 for
3565 414 139 82 the
3734 409 414 93 vouchers,

131 567 294 90 having
452 594 106 52 no
591 564 198 80 food
813 589 88 54 or
924 561 243 96 place
1194 575 87 63 to
1307 573 198 79 stay,
1535 554 230 80 often
1794 553 372 94 sleeping
2192 553 76 77 in
2301 548 139 80 the
2457 565 241 66 street
2750 576 87 52 or
2883 548 430 96 anywhere
3364 548 167 79 else
3586 546 102 80 he
3742 546 268 79 could.

159 5885 524 80 Pierdominici
710 5882 350 79 asserted
1079 5880 169 77 that
1274 5879 216 77 there
1520 5902 151 52 was
1698 5876 329 90 nothing

157 6028 255 68 wrong
436 6002 173 77 with
641 6000 134 79 the
803 6025 165 66 way
992 5997 135 77 the
1154 5994 293 79 Russell
1476 5994 266 77 Morris
1772 6016 183 54 case
1983 6014 150 52 was

157 6120 354 79 handled.
641 6117 216 76 don't
885 6113 220 79 think
1126 6113 219 77 there
1370 6135 153 52 was
1550 6135 153 66 any
1728 6106 326 80 mistake

157 6236 247 77 made.
461 6239 124 72 I'm
636 6235 247 87 trying
929 6246 82 61 to
1058 6254 186 58 save
1293 6252 88 52 us
1428 6252 154 68 any

2121 5614 35 109 RICH
2120 5499 36 88 FIFE

4178 2715 36 148 BRUCE
4178 2457 36 231 MdNTYRE

3236 5427 317 43 Woonsocket's
3581 5427 145 47 Mayor
3750 5428 104 46 Jerry
3880 5424 169 47 Bouley.

126 6521 231 41 December
383 6524 38 44 5,
443 6521 106 39 1976

2137 6416 113 169 5

3924 6496 146 39 FRESH
4096 6496 140 38 FRUIT
