4386 6616
3646 2258 346 213 e?

3650 2504 353 202 rn

3650 2989 353 208 rra

3650 3239 353 293 3

3646 3564 362 219 KX

3657 3836 351 203 m

3391 135 38 90 THE
3392 246 38 186 FUTURE
3394 450 36 61 OF
3394 532 38 176 SOCIAL
3389 726 46 244 SECURITY,
3398 984 27 24 a
3398 1027 39 154 lecture
3391 1200 47 52 by
3402 1272 36 61 Dr.

3329 145 41 129 Alicia
3326 307 46 198 Munnell,
3332 542 43 161 Federal
3335 742 38 172 Reserve
3335 953 41 107 Bank
3337 1096 39 44 of
3335 1180 38 164 Boston.

3274 139 36 139 Brown
3268 309 46 238 University,
3279 573 39 153 Wilson
3272 757 46 102 Hall,
3282 887 25 69 rm.
3274 989 44 87 102,
3274 1101 46 178 4:30pm.

3157 139 38 183 POETRY
3153 340 44 236 READING,
3153 594 46 268 Department
3164 879 41 44 of
3156 945 49 167 English.
3167 1137 39 202 Professor

3099 140 41 169 Richard
3091 362 47 132 Hugo,
3096 546 44 227 University
3106 827 39 46 of
3107 924 36 216 Montana.
3109 1198 36 140 Brown

3033 140 46 241 University,
3039 408 44 224 Pembroke
3046 660 39 104 Field
3039 795 43 151 House,
3039 973 46 180 4:30pm.

2923 142 38 197 MOSTLY
2926 394 36 187 FRENCH
2921 643 44 172 MUSIC,
2929 871 27 24 a
2931 954 35 181 concert.
2934 1200 36 139 Brown

2857 143 46 225 University
2858 403 46 268 Department
2871 704 39 43 of
2871 786 41 148 French
2872 973 39 173 Studies.
2874 1184 38 156 Marian

2798 145 49 129 Hahn,
2798 301 47 159 pianist.
2809 490 39 203 Alumnae
2805 721 47 102 Hail,
2805 849 49 150 Crystal
2814 1030 38 143 Room.
2813 1198 39 109 8pm.

2732 151 36 110 NEW
2732 277 36 265 DIRECTION
2732 562 36 46 IN
2724 625 50 580 COLOR'PHOTOGRAPHY,
2732 1219 39 131 works

2665 150 49 50 by
2666 249 44 71 Jim
2665 372 47 167 Henkel,
2674 583 39 175 William
2665 809 46 159 Larson,
2674 1017 38 146 Steven
2665 1213 49 139 Shore,

2614 148 41 180 Michael
2605 354 50 161 Bishop,
2614 535 39 80 and
2614 639 41 128 David
2614 792 41 208 Robinson
2614 1025 33 41 at
2614 1088 41 71 the
2614 1184 38 165 Suzette

2554 150 41 208 Schochet
2546 378 49 173 Gallery,
2556 573 36 76 227
2556 672 39 197 Goddard
2548 896 47 109 Row,
2540 1028 54 206 Newpprt,
2556 1258 27 91 now

2498 150 39 99 until
2498 274 38 98 Dec.
2498 398 36 57 10.
2498 479 38 214 Tues.-Sat.
2490 721 46 243 10:00-5:00,
2498 983 38 94 Sun.
2498 1107 38 239 12:00-5:00.

2436 150 38 337 TRADITIONAL
2439 523 36 310 LANDSCAPES
2439 869 35 74 ON
2439 983 35 151 PANEL
2430 1173 49 50 by
2439 1265 36 83 Ron

2380 151 38 120 Davis
2380 309 33 41 at
2380 383 41 71 the
2380 488 38 140 Artists
2380 665 41 121 Guild
2380 824 41 80 and
2370 945 50 162 Gallery
2380 1146 38 131 Route
2372 1318 46 33 1,

2321 148 39 290 Charlestown.
2321 460 38 128 Hours
2321 603 27 66 are
2321 685 39 134 Thurs.
2313 825 47 128 -Sun.,
2321 969 38 239 10:00-5:00.
2315 1231 44 118 (Now

2263 146 39 91 thru
2263 269 38 96 Dec.
2255 398 46 76 12).

2148 156 38 435 INTERNATIONAL
2148 638 38 343 MEDITATION
2140 1030 46 235 SOCIETY,
2148 1312 36 39 In

2079 148 47 239 troductory
2079 409 46 178 Lecture,
2087 608 38 76 380
2079 706 46 118 Hope
2087 846 38 52 St.
2087 921 33 43 at
2088 989 36 20 2
2079 1035 35 69 pm
2087 1129 39 79 and
2087 1235 38 22 8
2079 1282 35 66 pm

2019 150 36 120 every
2019 294 49 274 Wednesday.

1910 150 38 109 VICE
1910 285 33 41 at
1910 351 41 71 the
1901 452 50 165 Library,
1901 643 50 180 Douglas
1902 854 49 106 Pike,
1910 986 41 228 Smithfield
1904 1243 44 110 (231-

1844 148 46 134 0230).
1852 313 36 98 Dec.
1852 443 36 72 1-5.

1735 151 35 63 OF
1735 230 35 120 MICE
1735 364 35 109 AND
1726 488 44 120 MEN,
1735 622 33 41 at
1735 677 39 69 the
1726 764 46 183 Upstairs
1735 961 39 172 Theater
1735 1146 33 43 at
1726 1205 46 146 Trinity

1666 151 47 153 Square
1674 331 38 30 is
1666 391 49 161 playing
1666 576 49 175 through
1674 781 43 233 December
1674 1043 38 60 19.
1674 1134 38 68 For
1674 1233 24 120 reser-

1617 148 36 164 vations
1617 339 39 76 call
1616 444 38 206 351-4242.

1499 151 38 90 THE
1499 260 36 186 FUTURE
1499 465 36 63 OF
1499 546 36 176 SOCIAL
1491 740 44 243 SECURITY,
1501 1000 25 24 a
1499 1043 39 154 lecture
1490 1216 49 52 by
1499 1287 36 61 Dr.

1439 150 41 131 Alicia
1431 312 49 200 Munnell,
1439 548 41 159 Federal
1439 746 38 173 Reserve
1439 957 41 109 Bank
1439 1102 41 44 of
1439 1184 38 164 Boston.

1381 150 41 154 Wilson
1373 334 49 102 Hall,
1381 465 38 137 Brown
1372 633 47 241 University,
1381 901 27 69 rm.
1373 1002 46 88 102,
1381 1113 38 94 4:30
1372 1236 36 80 pm.

1294 157 38 372 PHYSIOGNOMY
1296 561 36 109 AND
1298 702 36 216 ANCIENT
1291 953 44 351 PORTRAITURE,
1299 1335 11 14 .

1236 157 39 154 lecture
1228 329 49 50 by
1238 397 39 146 Rudolf
1239 559 35 54 M.
1230 633 47 178 Winkes,
1230 830 49 205 professor
1239 1052 39 44 of
1239 1115 38 169 ancient
1239 1301 35 58 art

1178 156 35 43 at
1178 220 41 71 the
1178 318 38 91 Fine
1178 433 36 88 Arts
1170 545 47 159 Center,
1172 728 46 96 URI,
1173 852 44 208 Kingston,
1181 1087 31 41 at
1181 1153 38 94 8:30
1176 1276 31 80 pm.

1118 162 39 198 BROWN
1123 438 39 222 MOVIES:
1128 734 36 30 A
1123 843 47 183 Foreign
1132 1099 39 143 Affair
1134 1321 36 38 in

1054 156 49 331 Cinematheque
1063 504 31 43 at
1063 562 38 93 9:30
1055 676 35 79 pm.
1063 778 38 317 CHINATOWN
1065 1113 38 184 NIGHTS
1065 1320 35 41 at

995 157 47 329 Cinematheque
1005 512 31 43 at
1005 581 36 93 7:30
995 701 35 80 pm.

885 159 38 183 CHERYL
887 357 36 224 WHEELER
887 598 33 41 at
879 658 47 93 Salt,
888 772 36 77 250
888 869 39 173 Thames
880 1065 46 68 St.,
880 1154 46 202 Newport.

572 176 0 1195 CHRISTMAS
572 176 0 1195 SALE,
572 176 0 1195 Warwick
572 176 0 1195 Mall.
572 176 0 1195 Benefit
572 176 0 1195 of
572 176 0 1195 Fruit

572 178 0 876 Hill
572 178 0 876 Day
572 178 0 876 Center
572 178 0 876 for
572 178 0 876 Elderly,
572 178 0 876 Dec.
572 178 0 876 2-4.

572 176 0 1195 CONTEMPORARY
572 176 0 1195 DANCE
572 176 0 1195 CONCERT
572 176 0 1195 by
572 176 0 1195 M-O-V-E,
572 176 0 1195 a

572 178 0 1194 professional
572 178 0 1194 Company
572 178 0 1194 of
572 178 0 1194 Dancers
572 178 0 1194 at
572 178 0 1194 Roger
572 178 0 1194 Williams

572 176 0 1195 College
572 176 0 1195 will
572 176 0 1195 be
572 176 0 1195 held
572 176 0 1195 in
572 176 0 1195 the
572 176 0 1195 College's
572 176 0 1195 Coffeehouse

572 176 0 1195 Theater
572 176 0 1195 December
572 176 0 1195 2-4
572 176 0 1195 at
572 176 0 1195 8
572 176 0 1195 pm.
572 176 0 1195 Tickets
572 176 0 1195 are
572 176 0 1195 $2.00
572 176 0 1195 and

572 178 0 430 $1.00
572 178 0 430 for
572 178 0 430 students.

3578 2625 22 17 $

3526 1398 39 157 Fischer
3526 1580 39 230 conductor
3528 1833 39 76 will
3518 1939 43 164 present
3529 2126 25 22 a
3529 2173 33 170 concert
3531 2372 33 41 at
3531 2436 38 94 8:30
3532 2561 36 36 in

3457 1398 50 137 Sayles
3468 1564 39 101 Hall.
3468 1694 39 230 Admission
3469 1956 36 30 is
3469 2013 39 98 free.

3350 1398 36 90 THE
3350 1515 38 266 IMPARTIAL
3351 1805 36 279 SPECTATOR
3353 2107 25 46 or
3345 2173 44 167 ADAM,
3353 2365 38 102 CAN
3354 2494 36 104 YOU

3290 1400 36 145 SPARE
3291 1561 35 33 A
3291 1609 38 145 DIME?
3291 1773 27 22 a
3293 1816 36 137 Brown
3293 1967 41 173 .Brokers
3294 2161 41 170 musical
3285 2351 50 247 production

3230 1398 35 43 at
3231 1460 41 69 the
3231 1554 38 157 Faunce
3233 1737 38 137 House
3227 1894 47 183 Theater,
3236 2096 36 235 Waterman
3236 2356 41 79 and
3238 2460 36 139 Brown

3165 1398 41 157 streets,
3175 1584 39 230 December
3175 1839 38 65 3-5
3176 1931 39 79 and
3176 2038 36 104 9-12.
3178 2173 39 173 General
3178 2376 41 222 admission

3107 1400 46 129 $2.50,
3115 1546 39 187 students
3115 1756 38 128 $1.50.
3118 1910 36 68 For
3118 1998 38 271 reservations
3118 2291 41 77 call
3120 2391 38 208 863-2838.

2995 1402 38 88 TEN
2997 1510 36 148 LITTLE
2998 1677 38 227 INDIANS*
2991 1921 49 233 performed
2992 2172 49 52 by
3002 2238 39 71 the
3002 2326 38 109 RISD
3003 2455 36 150 Drama

2931 1402 47 115 Club,
2939 1545 39 109 RISD
2934 1679 46 272 Auditorium,
2942 1976 39 123 Canal
2934 2131 46 68 St.,
2943 2225 36 94 8:30
2935 2346 35 80 pm.

2820 1406 36 184 BROWN
2822 1636 36 154 FILMS:
2822 1835 38 85 BYE
2824 1962 38 83 BYE
2824 2093 39 159 BIRDIE
2825 2298 33 41 at
2825 2381 39 96 7:00
2817 2521 38 80 pm.

2761 1405 39 189 ROMAN
2762 1613 39 189 HOLIDA
2764 1811 38 25 Y
2764 1850 39 110 AND
2764 1981 39 165 HOUSE
2765 2165 39 66 OF
2759 2250 46 294 STRANGERS,
2769 2567 36 36 in

2702 1403 41 252 Carmichael
2706 1687 31 41 at
2706 1753 36 93 9:30
2698 1874 35 80 pm.

2602 1408 38 142 BOOK
2605 1572 35 153 FAIR
2606 1735 36 98 New
2608 1855 39 79 and
2609 1957 39 99 used
2611 2080 41 132 books
2613 2233 41 61 for
2614 2317 43 183 children
2617 2526 35 80 and

2543 1408 39 131 adults
2545 1564 41 77 will
2546 1668 41 52 be
2548 1743 39 94 held
2550 1865 33 41 at
2551 1928 39 71 the
2553 2022 39 169 Gordon
2548 2220 47 165 School,
2557 2411 43 197 Maxfield

2479 1408 43 183 Avenue,
2488 1611 36 85 East
2490 1720 39 261 Providence.
2493 2008 36 69 For
2493 2094 43 156 further
2498 2272 39 101 info:
2499 2398 38 209 434-3833.

2419 1408 49 184 Through
2430 1620 39 71 the
2430 1718 43 151 fourth.

2228 1427 164 106 4

2178 1413 38 220 GRAPHIC
2180 1652 38 180 WORKS
2181 1852 36 63 OF
2175 1937 44 121 JESSE
2176 2080 44 162 ALLEN,
2184 2265 43 282 African-born
2187 2573 33 43 at

2120 1414 39 80 The
2112 1523 46 164 Cooper
2121 1715 36 30 &
2123 1781 39 148 French
2115 1964 47 162 Gallery
2124 2159 41 101 until
2120 2294 43 82 Jan.
2126 2414 38 33 3.
2126 2483 38 134 Mon-.-

2061 1413 39 134 Thurs.
2063 1573 38 90 10-6
2054 1685 36 80 pm,
2065 1787 36 65 Fri.
2065 1879 36 88 10-9
2057 1991 35 85 pm,
2065 2098 38 79 Sat.
2057 2206 47 175 10-9pm,
2066 2406 39 91 Sun.
2068 2528 38 88 12-5

1994 1416 35 79 pm.

1883 1416 39 280 CHRISTMAS
1887 1739 36 49 IN
1887 1831 38 244 SCITUATE.
1882 2121 44 104 Arts,
1882 2269 49 135 crafts,
1882 2447 47 170 antique

1820 1416 46 236 show/sale.
1828 1696 39 159 Benefit
1830 1894 39 44 of
1830 1983 38 277 Preservation
1831 2304 41 79 and
1825 2428 46 189 Heritage

1761 1417 44 162 Society
1770 1600 38 44 of
1762 1666 44 194 Scituate,
1770 1879 35 43 at
1770 1939 41 71 the
1764 2031 46 266 Community
1773 2321 38 139 House
1775 2479 27 54 on
1775 2559 38 57 Rt.

1701 1419 44 85 116,
1709 1534 38 47 10
1710 1608 25 63 am
1710 1699 33 44 to
1710 1773 36 19 5
1701 1822 36 80 pm.

1591 1419 36 124 PAUL
1592 1567 38 220 GEREMIA
1594 1808 39 96 with
1595 1931 35 170 MOLLY
1595 2123 36 209 MALONE
1597 2359 33 41 at
1589 2424 49 94 Salt,
1598 2545 36 76 250

1526 1417 46 176 Thames.
1526 1617 46 69 St.,
1526 1712 44 192 Newport
1528 1931 46 244 (847-9527).

1414 1419 38 157 MUSIC
1416 1591 36 65 OF
1416 1671 38 206 SPANISH
1417 1894 38 252 MEDIEVAL
1420 2164 35 109 AND
1420 2291 38 331 RENAISSANCE

1350 1420 44 220 PERIODS,
1357 1677 27 24 a
1359 1739 33 170 concert
1351 1946 47 52 by
1359 2038 39 71 the
1353 2150 49 107 Early
1361 2294 38 135 Music
1353 2469 47 154 Group,

1290 1419 46 198 Manning
1291 1644 49 169 Chapel,
1301 1841 36 139 Brown
1293 2011 46 241 University,
1302 2277 38 96 8:30
1294 2400 36 80 pm.

1180 1424 38 184 BROWN
1181 1630 38 154 FILMS:
1183 1809 39 202 THRONE
1184 2033 38 65 OF
1184 2120 38 175 BLOOD
1186 2315 33 41 at
1187 2376 36 94 7:00
1178 2493 35 66 pm
1187 2584 36 36 in

1121 1420 41 266 Carmichael.
1123 1707 38 202 BEYOND
1126 1926 36 88 THE
1126 2035 36 175 VALLEY
1126 2222 38 65 OF
1126 2304 38 88 THE
1126 2411 41 154 DOLLS
1128 2583 33 43 at

1065 1422 36 93 9:30
1055 1540 36 68 pm
1065 1633 39 79 and
1065 1745 39 88 THE
1065 1861 41 283 INNOCENTS
1068 2172 33 41 at
1060 2241 49 202 midnight
1069 2471 38 35 in
1069 2537 28 88 Car-

1005 1425 41 186 michael.

784 1435 0 1203 MEMBERS
784 1435 0 1203 LITTLE
784 1435 0 1203 PICTURE
784 1435 0 1203 SHOW
784 1435 0 1203 at
784 1435 0 1203 the
784 1435 0 1203 Providence

784 1435 0 850 Watercolor
784 1435 0 850 Club,
784 1435 0 850 now
784 1435 0 850 thru
784 1435 0 850 Dec.
784 1435 0 850 24.

784 1435 0 1203 YOUNG
784 1435 0 1203 SHAKESPEARIAN
784 1435 0 1203 COMPANY
784 1435 0 1203 presenting

784 1369 0 1269 t
784 1369 0 1269 Taste
784 1369 0 1269 of
784 1369 0 1269 Shakespeare,
784 1369 0 1269 Henry
784 1369 0 1269 IV,
784 1369 0 1269 Midsummers
784 1369 0 1269 Stock

784 1435 0 375 at
784 1435 0 375 URI
784 1435 0 375 at
784 1435 0 375 8
784 1435 0 375 pm.

784 1435 0 1200 THE
784 1435 0 1200 BROWN
784 1435 0 1200 UNIVERSITY
784 1435 0 1200 ORCHESTRA,
784 1435 0 1200 Martin

784 1369 0 1266 a
784 1369 0 1266 Fischer
784 1369 0 1266 conductor,
784 1369 0 1266 will
784 1369 0 1266 present
784 1369 0 1266 a
784 1369 0 1266 concert
784 1369 0 1266 at
784 1369 0 1266 4:00
784 1369 0 1266 in

784 1369 0 780 s
784 1369 0 780 Sayles
784 1369 0 780 Hall.
784 1369 0 780 Admission
784 1369 0 780 is
784 1369 0 780 free.

784 1369 0 1272 j
784 1369 0 1272 BROWN
784 1369 0 1272 FILMS:
784 1369 0 1272 DAYS
784 1369 0 1272 AND
784 1369 0 1272 NIGHTS
784 1369 0 1272 IN
784 1369 0 1272 THE

784 1438 0 414 FOREST,
784 1438 0 414 at
784 1438 0 414 7
784 1438 0 414 pm.

784 1446 0 1200 DRUMS
784 1446 0 1200 AND
784 1446 0 1200 BANANAS,
784 1446 0 1200 an
784 1446 0 1200 evening
784 1446 0 1200 with
784 1446 0 1200 Dick

3524 2691 36 186 BROWN
3524 2896 36 156 FILMS:
3524 3071 36 87 THE
3524 3173 36 243 BLUEBIRD
3526 3428 31 41 at
3526 3483 38 72 the
3526 3573 36 157 Faunce
3526 3753 36 140 House

3458 2688 47 184 Theater,
3466 2898 36 24 7
3465 2948 39 79 and
3465 3055 38 94 9:30
3458 3176 35 82 pm.

3249 2696 173 118 S

3209 2676 35 69 AN
3209 2776 38 335 EVANGELICAL
3209 3145 38 307 PERSPECTIVE
3211 3487 36 72 ON
3205 3592 43 231 JUDAISM,
3213 3857 27 22 a

3151 2677 38 154 lecture
3142 2847 49 52 by
3151 2917 36 61 Dr.
3151 2997 36 156 Marvin
3153 3167 38 154 Wilson
3153 3340 31 41 at
3143 3398 46 233 Barrington
3143 3652 49 167 College
3153 3841 38 36 in

3091 2676 41 71 the
3091 2775 41 191 Hebbard
3091 2994 41 180 Athletic
3091 3198 39 148 Center
3093 3373 33 41 at
3094 3441 36 94 7:30
3085 3564 35 79 pm.

2975 2677 35 90 THE
2975 2839 38 203 GOLDEN
2975 3115 38 96 AGE
2976 3283 36 63 OF
2970 3420 43 367 ILLUSTRATION,
2978 3858 25 22 a

2917 2676 38 345 documentation
2917 3074 39 44 of
2909 3169 47 124 book,
2909 3343 44 216 magazine
2918 3609 39 79 and
2909 3743 43 139 poster

2857 2679 39 239 illustration
2857 2939 38 35 in
2847 2994 47 153 Europe
2858 3164 39 80 and
2857 3265 38 189 America
2858 3471 41 104 from
2858 3598 38 98 1895
2858 3715 33 44 to
2860 3781 36 101 1940

2797 2677 35 43 at
2798 2745 41 71 the
2798 2844 41 80 Bell
2789 2954 50 161 Gallery
2798 3140 41 104 from
2800 3276 36 98 Dec.
2800 3403 38 142 8-Dec.
2800 3576 38 58 23.

2710 2682 38 209 CHARIET
2713 2924 33 39 at
2713 2997 39 71 the
2707 3101 47 169 Library,
2709 3301 49 181 Douglas
2710 3517 49 104 Pike,
2718 3654 43 231 Smithfield

2646 2683 46 243 (231-0230).
2655 2959 36 96 Dec.
2657 3087 36 101 8-12.

2556 2669 36 33 A
2556 2750 39 252 SOLUTION
2559 3052 36 68 TO
2561 3165 35 91 THE
2561 3307 36 71 ICE
2562 3425 36 96 AGE
2556 3572 44 228 MYSTERY,
2565 3850 27 24 a

2490 2669 47 272 colloquium,
2491 2975 49 162 Faculty
2493 3172 49 117 Club,
2502 3324 36 140 Brown
2496 3504 46 241 University,
2507 3778 36 98 4:30

2430 2671 35 80 pm.

2362 2676 38 186 BROWN
2362 2890 38 154 FILMS:
2362 3071 39 231 EMPEROR
2364 3329 38 65 OF
2364 3419 38 87 THE
2357 3531 44 187 NORTH,
2365 3742 33 41 at
2365 3806 39 71 the

2306 2676 36 159 Faunce
2306 2865 38 139 House
2306 3028 38 170 Theater
2306 3225 33 43 at
2307 3294 35 20 7
2306 3345 39 79 and
2306 3452 38 94 9:30
2298 3575 35 80 pm.

2214 2674 36 230 KATHRYN
2214 2937 38 145 POSIN
2216 3115 36 165 DANCE
2209 3312 49 265 COMPANY,
2209 3603 49 198 performs
2220 3836 33 43 at

2156 2669 39 72 the
2148 2803 47 227 University
2159 3090 38 46 of
2159 3195 39 143 Rhode
2159 3400 39 129 Island
2161 3592 36 36 in
2161 3694 41 183 Edwards

2098 2672 39 257 Auditorium
2099 2951 27 54 on
2099 3030 36 161 U.R.l.'s
2091 3216 44 192 Kingston
2091 3436 36 186 campus,
2101 3646 41 233 December

2039 2672 36 24 8
2039 2724 33 41 at
2030 2791 46 109 Bpm.

1934 2680 36 31 A
1935 2759 36 255 SOLUTION
1937 3061 36 69 TO
1939 3176 36 93 THE
1940 3293 36 96 ICE
1940 3436 38 96 AGE
1935 3583 43 231 MYSTERY,
1943 3861 27 25 a

1866 2680 50 227 colloquim
1877 2946 33 41 at
1877 3020 41 71 the
1872 3129 47 164 Faculty
1880 3329 41 106 Club
1882 3474 36 36 in
1882 3554 43 252 Providence
1885 3844 33 43 at

1809 2680 44 180 4:3opm.

1616 2682 2 1205 SEVEN
1616 2682 2 1205 STUDENTS
1616 2682 5 1205 OPENlNG-gala
1616 2682 5 1205 exhibit
1616 2682 2 1205 opening

1616 2682 2 1205 of
1616 2682 2 1205 seven
1616 2682 2 1205 students'
1616 2682 2 1205 paintings
1616 2682 2 1205 and
1616 2682 2 1205 drawings
1616 2682 2 1205 at
1616 2682 2 1205 the

1616 2682 2 795 Woods-Gerry
1616 2682 2 795 Gallery.
1616 2682 2 795 Free
1616 2682 2 795 drinks.

1616 2690 2 1162 AMAHL
1616 2690 2 1162 AND
1616 2690 2 1162 THE
1616 2690 2 1162 NIGHT
1616 2690 2 1162 VISITORS,
1616 2690 2 1162 see
1616 2690 2 1162 Dec.
1616 2690 2 1162 9

1616 2683 2 1203 THE
1616 2683 2 1203 SEVENTEETH
1616 2683 2 1203 CENTRUY
1616 2683 2 1203 IN
1616 2683 2 1203 EUROPE,
1616 2683 2 1203 a
1616 2683 2 1203 lecture
1616 2683 2 1203 at

1616 2683 2 1203 the
1616 2683 2 1203 Museum
1616 2683 2 1203 of
1616 2683 2 1203 Art,
1616 2683 2 1203 Rhode
1616 2683 2 1203 Island
1616 2683 2 1203 School
1616 2683 2 1203 of
1616 2683 2 1203 Design,

1616 2687 2 173 at
1616 2687 2 173 5pm.

1616 2687 2 1146 RISD
1616 2687 2 1146 MOVIES:
1616 2687 2 1146 Ikiru
1616 2687 2 1146 at
1616 2687 2 1146 7pm.
1616 2687 2 1146 in
1616 2687 2 1146 the
1616 2687 2 1146 Auditorium.

1616 2693 2 1194 AFTERNOON
1616 2693 2 1194 TEA
1616 2693 2 1194 BY
1616 2693 2 1194 THE
1616 2693 2 1194 FIRESIDE,
1616 2693 2 1194 at
1616 2693 2 1194 the
1616 2693 2 1194 Inn
1616 2693 2 1194 at

1616 2693 2 1194 Castle
1616 2693 2 1194 Hill
1616 2693 2 1194 Ocean
1616 2693 2 1194 Drive,
1616 2693 2 1194 Newport,
1616 2693 2 1194 through
1616 2693 2 1194 December

1616 2694 2 299 30,
1616 2694 2 299 daily
1616 2694 2 299 3-5.

1616 2694 2 1192 THE
1616 2694 2 1192 SEVENTEENTH
1616 2694 2 1192 CENTURY
1616 2694 2 1192 IN
1616 2694 2 1192 EUROPE,
1616 2694 2 1192 a
1616 2694 2 1192 lecture

1616 2694 2 841 at
1616 2694 2 841 the
1616 2694 2 841 Museum
1616 2694 2 841 of
1616 2694 2 841 Art,
1616 2694 2 841 RISD,
1616 2694 2 841 5
1616 2694 2 841 pm.

1616 2694 2 1192 ART
1616 2694 2 1192 FOR
1616 2694 2 1192 YOUR
1616 2694 2 1192 COLLECTION,
1616 2694 2 1192 at
1616 2694 2 1192 The
1616 2694 2 1192 Art

1616 2694 2 1192 Association
1616 2694 2 1192 of
1616 2694 2 1192 Newport,
1616 2694 2 1192 76
1616 2694 2 1192 Bellvue
1616 2694 2 1192 Avenue,

1616 2696 2 1191 Newport,
1616 2696 2 1191 Paintings,
1616 2696 2 1191 Sculpture,
1616 2696 2 1191 jewelry
1616 2696 2 1191 and
1616 2696 2 1191 Silver

1616 2694 2 216 available.

1616 2698 2 1189 BILLY
1616 2698 2 1189 JOEL
1616 2698 2 1189 will
1616 2698 2 1189 perform
1616 2698 2 1189 at
1616 2698 2 1189 URI
1616 2698 2 1189 at

1616 2694 2 1192 8pm.
1616 2694 2 1192 in
1616 2694 2 1192 Edwards
1616 2694 2 1192 Auditorium.
1616 2694 2 1192 Tickets
1616 2694 2 1192 are
1616 2694 2 1192 $4.50
1616 2694 2 1192 for

1616 2694 2 1192 the
1616 2694 2 1192 general
1616 2694 2 1192 public
1616 2694 2 1192 and
1616 2694 2 1192 $3.50
1616 2694 2 1192 for
1616 2694 2 1192 URI
1616 2694 2 1192 students
1616 2694 2 1192 with

1616 2682 2 77 ID.

3517 3989 36 288 RODOGUNE
3518 4299 33 39 at
3518 4362 36 77 URI
3518 4468 36 36 in
3518 4529 39 167 Roberts
3518 4720 39 257 Auditorium
3518 5000 33 43 at
3518 5060 36 27 8
3510 5107 35 82 pm.

3409 3981 38 187 BROWN
3406 4198 39 156 FILMS:
3408 4381 39 217 American
3402 4628 46 209 Madness,
3408 4865 27 22 a
3408 4913 39 87 flim
3408 5030 31 43 at
3406 5096 30 91 Car-

3351 3981 39 175 michael
3350 4180 35 43 at
3342 4243 46 123 7pm.;
3351 4394 36 72 Mr.
3350 4488 41 164 Arkidin
3350 4676 33 41 at
3340 4737 47 195 9:30pm.;
3340 4964 47 222 Teenagers

3291 3983 41 99 from
3291 4112 38 131 Outer
3285 4269 44 131 Space
3277 4427 54 283 at,midnight.
3291 4739 39 60 All
3291 4831 36 36 in
3290 4896 41 268 Carmichael.

3016 4009 176 145 12

2961 3973 36 157 MUSIC
2961 4151 36 184 DRAMA
2953 4351 44 302 WORKSHOP,
2959 4860 39 79 and
2959 4962 39 71 the
2950 5057 47 121 Night

2893 4189 50 50 by
2901 4265 39 175 Menotti
2901 4466 39 216 Covenant
2891 4704 49 178 Church,
2899 4906 41 205 Riverside
2899 5139 33 41 at

2844 3972 38 96 4:00
2836 4094 35 80 pm.

2726 3973 36 131 DAVE
2726 4126 36 104 VAN
2726 4255 36 139 RONK
2726 4414 33 41 at
2718 4477 47 93 Salt,
2726 4594 35 77 250
2724 4694 39 173 Thames
2717 4894 46 66 St.,
2715 4984 46 194 Newport

2660 3973 47 244 (847-9527).
2668 4249 38 87 Last
2658 4364 49 131 Night.

2551 3973 36 90 THE
2551 4090 36 266 IMPARTIAL
2550 4380 38 280 SPECTATOR
2548 4683 27 46 or
2540 4751 46 167 ADAM,
2548 4942 36 101 CAN
2546 5072 38 104 YOU

2491 3973 36 145 SPARE
2491 4146 36 33 A
2491 4208 38 143 DIME?
2491 4378 27 71 see
2491 4477 39 231 December
2491 4735 35 35 3.
2490 4803 36 85 Last
2480 4915 49 101 day..

2375 3973 38 102 ONE
2375 4124 36 126 FLEW
2373 4299 38 132 OVER
2373 4482 36 91 THE
2373 4624 38 254 CUCKOO'S
2365 4929 44 129 NEST,
2372 5107 27 71 see

2317 3973 41 231 December
2317 4231 36 35 6.
2317 4298 36 87 Last
2307 4409 47 91 day.

342 3976 0 1206 AZTEC
342 3976 0 1206 TWO-STEP
342 3976 0 1206 &
342 3976 0 1206 ALPHA
342 3976 0 1206 BND,
342 3976 0 1206 in
342 3976 0 1206 concert
342 3976 0 1206 at

342 3980 0 592 Providence
342 3980 0 592 College,
342 3980 0 592 Bpm.

342 3976 0 1205 SEVEN
342 3976 0 1205 STUDENTS
342 3976 0 1205 Last
342 3976 0 1205 day
342 3976 0 1205 of
342 3976 0 1205 an
342 3976 0 1205 exhibition
342 3976 0 1205 of

342 3976 0 1205 laainting^incUJrawine^D^ever^lS^tudent^iMhe

3411 5287 167 154 17

3343 5222 69 5 '
3361 5252 38 243 NEWPORT
3362 5523 38 206 COUNTY
3362 5761 38 172 BALLET
3354 5962 46 230 THEATRE,
3364 6217 38 88 Van
3364 6339 41 113 Allen
3343 6494 69 6 [

3302 5252 39 148 Casino
3296 5428 47 184 Theatre,
3306 5641 38 214 Memorial
3298 5891 47 124 Blvd.,
3294 6046 47 195 Newport
3296 6272 47 180 8:45pm.
3282 6494 63 2 j

3011 5290 172 165 16

2961 5247 36 217 SANTA'S
2951 5504 46 326 WORKSHOP,
2951 5872 44 161 music,
2950 6076 49 156 crafts,
2946 6276 49 176 petting
2956 6499 57 20 I

2894 5247 47 184 animals;
2902 5466 36 46 12
2891 5540 46 257 noon-5pm.;
2901 5825 39 157 Wilcox
2891 6013 49 109 Park,
2890 6145 49 211 Westerly.

2784 5246 38 209 ANNUAL
2784 5469 38 282 CHRISTMAS
2781 5770 39 200 FLOWER
2781 5989 38 154 SHOW
2781 6159 38 38 in
2780 6217 43 164 Charles
2781 6402 38 46 H.

2726 5247 41 126 Smith
2718 5398 49 304 Greenhouses,
2717 5726 47 128 Roger
2724 5879 39 198 Williams
2715 6107 47 109 Park,
2721 6243 43 206 Elmwood
2710 6499 72 20 [;!

2668 5246 38 170 Avenue
2668 5450 27 44 or
2666 5532 41 128 Broad
2665 5702 41 128 Street
2657 5871 47 208 Entrance,
2663 6120 41 252 Providence
2663 6409 35 43 at
2639 6502 79 17 j;i

2602 5249 46 272 11am.-4pm.,
2609 5548 27 94 now
2608 5668 41 88 thru
2602 5786 44 83 Jan.
2608 5901 36 31 1.

2491 5247 38 310 PROVIDENCE
2491 5576 38 214 COLLEGE
2490 5808 27 60 vs.
2490 5888 36 189 BROWN
2487 6102 39 288 UNIVERSITY
2488 6411 38 36 in
2460 6502 76 5 |

2435 5246 27 24 a
2433 5293 41 224 basketball
2424 5543 36 121 game
2431 5688 33 43 at
2431 5753 38 25 6
2431 5798 38 33 &
2422 5855 47 109 8pm.
2430 5992 35 43 at
2430 6055 41 72 the
2430 6151 39 112 Civic
2422 6291 46 161 Center,

2375 5249 39 154 LaSalle
2367 5431 46 164 Square,
2373 5622 41 265 Providence.

2258 5247 36 257 RAYMOND
2247 5545 47 235 JACKSON,
2247 5819 46 206 PIANIST,
2255 6063 39 80 and
2254 6189 43 71 the
2254 6307 41 143 Rhode
2246 6501 61 19 |

2200 5250 39 128 Island
2198 5417 41 299 Philharmonic
2189 5753 50 235 Orchestra,
2187 6020 47 205 8:30pm.,.
2195 6252 38 197 Veterans
2172 6502 57 17 pi

2142 5246 39 214 Memorial
2132 5482 52 272 Auditorium,
2140 5775 38 156 Francis
2139 5956 39 80 and
2137 6065 41 195 Brownell
2128 6288 49 162 Streets,
2137 6501 58 19 I

2083 5249 39 258 Providence.

1970 5254 47 243 CONCERT,
1970 5510 46 142 Nancy
1970 5669 47 150 Hallas,
1969 5835 36 194 soprano,
1975 6044 38 157 Marian
1975 6222 38 87 Van
1964 6329 50 131 Slyke,
1964 6502 71 6 !

1912 5254 46 298 accompanist.
1910 5589 49 225 Reception
1909 5850 50 224 following.
1917 6109 41 161 Marble
1907 6307 46 153 House,
1898 6504 68 16 ji

1863 5257 39 189 Bellevue
1855 5471 44 113 Ave.,
1852 5611 47 206 Newport.
1850 5846 47 180 8:30pm.

1803 6506 28 2 I

1572 5301 178 165 19

1513 5265 38 282 CHRISTMAS
1515 5583 36 77 ON
1515 5701 38 294 HISTORICAL
1509 6038 44 118 HILL,
1509 6195 36 186 program
1518 6425 41 44 of
1485 6507 88 8 j

1455 5265 39 219 Christmas
1447 5507 46 146 music,
1447 5677 47 148 Trinity
1449 5852 49 175 Church,
1449 6054 46 208 Newport,
1449 6287 49 181 7:30pm.
1455 6509 60 14 |v

1343 5261 36 94 ART
1343 5381 36 96 FOR
1343 5504 36 139 YOUR
1335 5669 46 324 COLLECTION,
1343 6016 27 71 see
1343 6115 38 101 Dec.
1343 6243 36 38 9.

1227 5261 35 90 THE
1227 5375 36 203 GOLDEN
1227 5605 38 96 AGE
1227 5726 38 65 OF
1219 5817 46 369 ILLUSTRATION,
1225 6206 28 71 see
1225 6302 38 98 Dec.
1225 6425 36 36 8.
1217 6510 74 3 |

957 5263 173 213 22

918 5268 35 153 SMITH
920 5460 38 252 BROTHERS
921 5746 33 44 at
915 5825 46 96 the.
915 5939 46 169 Library,
917 6146 44 180 Douglas
917 6367 44 107 Pike,
929 6509 22 17 *

858 5268 43 228 Smithfield
855 5526 46 243 (231-0230).
858 5798 43 99 Dec.
865 5929 36 129 22-26.

778 5260 35 88 THE
778 5400 36 164 ANGEL
780 5611 36 66 OF
780 5728 36 90 THE
781 5869 36 173 HOURS
781 6093 38 110 AND
781 6255 39 211 RELATED
778 6507 47 19 fe

712 5261 46 279 PAINTINGS,
713 5567 46 187 1966-75,
713 5781 47 54 by
721 5861 41 157 Abbott
723 6049 41 184 Meader.
717 6266 47 200 Westerly
704 6507 65 14 |

661 5263 39 137 Public
655 5430 47 164 Library.
655 5622 46 169 9-9pm.,

400 5282 181 208 23

356 5266 36 266 PAINTINGS
348 5546 47 52 by
356 5613 43 176 William
356 5809 38 131 Leete.
350 5962 44 94 (See
356 6077 38 98 Dec.
348 6195 46 54 7).
356 6271 38 88 Last
346 6375 50 93 day.
332 6506 71 20 |

137 5280 175 203 24

139 5266 2 1260 TOUR
139 5266 2 1260 OF
139 5266 2 1260 EARLY
139 5266 3 1260 BUSINESS
139 5266 5 1260 ESTABLISHMENTS,
139 6507 8 19 |

139 5269 2 1257 Newport,
139 5269 2 1257 10am.
139 5269 2 1257 -3om.
139 5269 2 1257 1
139 5269 2 1257 ,
139 5269 2 1257 g
