4386 6616
195 6518 146 38 FRESH
370 6517 139 36 FRUIT

2219 6438 140 146 12

3909 6532 231 41 December
4165 6534 164 46 5,1976

337 526 120 96 II

1335 265 639 244 ENTER
2024 268 1178 257 NEWPORT'S

450 518 992 257 PLEASURE
1479 524 321 250 ON
2786 524 1450 266 SWEEPSTAKES.

742 795 243 98 WIN
1006 797 71 99 A
1077 797 288 99 1977
1383 797 383 102 CHEVY
1784 803 241 98 VAN
2054 803 254 101 PLUS
2337 795 373 117 $5,000
2737 803 224 101 FOR
2980 805 789 104 CUSTOMIZING.

2809 1569 82 106 §

1510 1742 55 60 m

1496 1830 71 87 U

1375 2443 57 35 *Jk*
1431 2427 754 61 Mmmnitmmimmnmnuu

2227 2548 148 38 msm

2471 2628 54 46 m

1792 3635 5 17 ■
1820 3639 17 3 ■■
1871 3635 5 17 ■
1972 3635 3 17 ■
2003 3639 14 13 y

685 3765 28 27 ©
721 3765 157 25 LORILLARD,
888 3764 87 27 U.S.A.,
984 3767 58 20 1976

290 4339 169 33 NEWPORT,
471 4340 52 30 rhe
534 4343 145 35 cigarette
688 4342 87 30 that's
894 4343 68 30 with
976 4343 154 33 Pleasure!'

290 4383 98 25 wants
398 4387 63 27 you
472 4384 33 25 to
517 4384 54 33 get
583 4381 113 28 behind
709 4383 49 28 the
772 4383 98 30 wheel
883 4383 33 30 of
926 4391 77 27 your
1014 4391 74 28 very
1101 4392 74 22 own

290 4419 140 35 pleasure
444 4419 148 30 machine.

288 4468 83 28 Enter
381 4468 49 28 rhe
441 4469 167 28 NEWPORT
803 4469 57 30 ON
1028 4472 228 31 SWEEPSTAKES.

287 4521 109 38 FIRST
408 4521 132 38 PRIZE:
551 4521 99 41 ONE
666 4523 115 39 1977
792 4523 153 43 CHEVY
956 4524 96 41 <320

287 4583 132 41 Series
430 4583 87 41 Van
528 4584 101 38 AND
646 4583 161 47 $5,000
817 4586 65 39 for
891 4591 287 47 customizing.

288 4644 107 30 Picture
405 4647 131 33 yourself
545 4650 27 25 in
583 4655 61 22 one
654 4649 35 28 of
696 4649 52 28 the
764 4650 79 28 1977
852 4652 106 35 Chevy
965 4652 82 30 Vans
1057 4657 28 25 in
1094 4654 52 30 the

287 4688 102 31 sporty
398 4677 71 36 620
479 4688 96 27 series:
586 4687 58 30 The
655 4688 134 33 Nomad,
800 4690 150 33 Caravan,
962 4691 156 38 Sportvcn,
1131 4702 35 20 or
1173 4694 52 30 the

287 4724 137 28 versatile
433 4723 106 36 Chevy
548 4724 39 30 Vc
595 4734 25 20 n.
630 4724 79 31 Then
720 4731 139 35 imagine
868 4729 113 38 having
992 4729 121 33 $5,000
1121 4737 35 25 to

287 4765 165 25 customize
461 4765 17 25 it
487 4772 63 27 any
561 4773 74 27 way
644 4773 61 27 you
715 4772 93 24 want.

285 4808 46 36 Try
340 4817 20 22 a
375 4811 107 30 built-in
494 4811 41 28 TV
546 4813 20 28 6
581 4813 110 33 Stereo,
704 4824 36 19 or
751 4817 91 27 tinted
857 4817 161 36 portholes.
1028 4817 69 30 Side
1110 4820 93 28 outlet

285 4849 46 28 exi
340 4854 94 27 rousts,
447 4860 36 19 or
494 4854 239 36 supergrophics.
745 4854 117 31 Bubble
872 4855 109 33 dome,
994 4866 35 20 or
1041 4858 191 36 refrigerator.

285 4887 150 38 Ccprain's
446 4890 102 31 chairs,
559 4901 36 20 or
605 4893 238 38 floor-to-ceiling
854 4887 181 44 carpeting..
1044 4898 69 28 .Win
1126 4899 50 28 the

285 4928 167 28 NEWPORT
657 4931 54 30 ON
883 4934 222 31 SWEEPSTAKES
1120 4939 63 27 and

283 4973 63 27 you
357 4975 60 22 con
428 4969 101 35 satisfy
540 4978 77 25 your
627 4973 197 35 customizing
838 4973 148 35 pleasure.

280 5583 96 41 G2O
387 5584 134 43 Series
529 5586 106 39 Von.

282 5631 65 28 Our
356 5633 83 35 lucky
449 5631 65 28 2nd
524 5636 79 33 prize
613 5636 113 27 winner
735 5643 57 20 can
803 5635 118 30 choose
931 5643 65 28 any
1003 5636 35 30 of
1044 5636 183 30 Chevrolet's

282 5669 80 30 Vans
373 5672 25 27 in
409 5669 50 31 the
468 5669 72 31 G2O
550 5674 96 30 series,
658 5672 68 30 with
734 5674 41 30 all
784 5672 50 31 the
844 5674 134 30 features
986 5676 66 28 that
1061 5677 96 28 make

279 5710 88 28 them
378 5710 113 36 perfect
499 5710 46 28 for
554 5713 142 35 pleasure
706 5713 129 28 seekers.
844 5715 132 30 Massive
986 5713 106 31 Girder
1099 5715 99 30 Beam

280 5748 77 30 front
365 5753 187 33 suspension.
564 5750 326 38 Computer-matched
902 5754 96 28 brake
1008 5757 123 31 system.

283 5787 154 30 Protected
450 5791 129 36 steering
592 5791 121 35 linkage
724 5791 65 28 and
800 5791 246 38 electrocoating.
1058 5791 63 31 Plus
1132 5800 22 22 a

280 5825 137 31 Johnson
740 5828 198 31 40-Channel
953 5831 117 28 mobile
1079 5831 52 28 CD.

1298 4348 28 36 5
1339 4348 132 38 THIRD
1483 4348 159 39 PRIZES:

1296 4408 427 41 HARLEY-DAVIDSON

1294 4458 44 38 SS
1357 4458 77 39 175
1435 4458 54 39 cc
1506 4461 285 49 motorcycles.

1293 4885 24 28 A
1328 4883 139 33 2-stroke,
1477 4887 176 35 oil-injected
1666 4887 117 36 beouty
1791 4887 68 30 that

1293 4931 110 22 comes
1411 4924 162 36 equipped
1583 4924 69 30 with
1661 4926 198 31 directionals,
1871 4928 154 38 matching
2036 4929 225 36 speedometer

1293 4962 65 28 ond
1367 4962 197 33 tachometer,
1573 4965 66 27 ond
1649 4967 287 35 competition-type
1943 4965 77 30 front
2028 4965 87 31 forks.
2128 4967 50 30 For

1291 5005 91 25 street
1391 5002 65 28 ond
1466 5002 195 31 off-rhe-road
1674 5003 142 36 pleasure
1825 5003 104 31 there's
1940 5005 126 38 nothing
2077 5005 54 30 like
2140 5014 24 20 o

1293 5039 285 35 Harley-Davidson.

1291 5101 58 38 50
1362 5101 175 38 FOURTH
1551 5102 154 36 PRIZES:
1723 5104 225 44 10-Speed
1956 5106 96 43 AMF

1291 5162 312 41 ROADMASTER
1616 5165 131 39 BIKES.

1293 5209 61 30 You
1365 5219 58 22 can
1435 5213 94 36 pedal
1539 5220 79 28 your
1625 5222 74 28 woy
1709 5217 33 25 to
1750 5214 107 33 fitness,
1863 5233 16 22 %

1293 5249 50 28 fun
1353 5250 65 28 ond
1430 5252 142 35 pleasure
1583 5260 41 22 on
1633 5260 44 22 on
1685 5252 74 30 AMF

1364 5288 113 31 deluxe
1493 5290 148 38 10-speed
1652 5299 83 22 racer

1293 5328 69 28 with
1372 5331 112 35 coliper
1494 5323 184 38 brakes’and
1718 5334 60 33 J\\

1291 5367 183 35 eosy-reoch
1483 5369 74 30 dual
1567 5373 80 27 stem

1294 5408 243 30 shifters...either
1546 5409 96 30 men's
1650 5419 36 22 or

1293 5446 151 31 women's
1455 5449 129 28 models.

1294 5507 132 38 1.000
1436 5509 109 36 FIFTH
1557 5509 154 36 PRIZES:

1288 5564 120 31 DuPont
1419 5565 102 30 RALLY
1529 5567 61 30 Cor
1597 5567 148 39 Cleaning
1754 5561 69 38 Kits?

1287 5603 165 39 Corhplete
1461 5606 69 28 with
1540 5614 132 30 sponge,
1683 5606 91 38 liquid
1783 5608 123 30 cleaner
1913 5608 66 31 and

1287 5647 93 43 paste
1389 5652 80 22 wox.
1479 5644 60 31 The
1546 5652 79 28 easy
1635 5654 74 28 way
1718 5650 33 27 to
1761 5647 82 36 keep
1852 5655 77 27 your

1446 5685 87 28 clean
1546 5687 61 27 and
1619 5685 88 36 shiny,
1718 5687 36 28 all
1765 5693 77 28 year
1852 5687 80 39 long.

1997 5808 50 16 arm

2602 4356 198 39 OFFICIAL
2813 4357 128 39 RULES

2312 4422 30 28 1.
2357 4424 39 27 To
2416 4427 96 25 enter
2529 4425 58 27 the
2606 4425 172 27 NEWPORT
3003 4425 54 28 ON

2307 4458 224 30 SWEEPSTAKES,
2548 4460 74 35 print
2638 4468 76 27 your
2732 4469 102 22 name,
2855 4461 126 27 address
3002 4461 61 27 and
3082 4463 49 31 zip
3151 4463 80 27 code

2307 4494 63 27 and
2392 4494 71 27 mail
2487 4499 85 31 entry
2591 4501 35 22 to
2646 4494 159 28 NEWPORT
3017 4498 50 27 ON

2307 4531 222 33 SWEEPSTAKES,
2539 4532 61 27 P.O.
2608 4534 61 25 Dox
2679 4532 90 31 2156,
2778 4534 129 31 Hillside,
2917 4535 76 27 New
3000 4535 102 35 Jersey
3113 4535 117 28 07205,

2307 4567 83 27 Enter
2402 4575 33 19 as
2447 4569 87 27 often
2546 4575 31 20 as
2591 4576 60 27 you
2665 4570 68 27 like.
2743 4570 68 27 Mail
2822 4572 79 27 each
2913 4575 83 31 entry
3009 4573 183 33 separately.

2301 4617 31 27 2.
2343 4617 76 28 Each
2433 4625 83 28 entry
2532 4625 74 22 must
2622 4622 117 28 include
2754 4631 61 19 one
2831 4624 49 30 (1)
2898 4625 117 27 bottom
3031 4625 65 35 flap
3112 4627 76 27 from
3205 4635 19 19 a

2301 4654 172 28 NEWPORT
2490 4658 164 33 cigarette
2669 4660 93 33 pack,
2778 4668 35 19 or
2830 4660 55 27 the
2902 4661 91 25 word

2299 4693 120 31 printed
2438 4701 38 19 on
2494 4701 19 19 a
2534 4694 69 27 oxs
2625 4696 90 33 piece
2734 4696 33 25 of
2786 4704 106 27 paper.
2909 4698 36 27 To
2967 4699 41 25 be
3028 4699 134 33 eligible,
3184 4701 38 27 all

2299 4731 112 25 entries
2428 4734 76 22 must
2523 4731 41 25 be
2581 4731 143 27 received
2743 4732 38 33 by
2798 4732 54 27 the
2865 4734 128 35 judging
3013 4737 211 31 organization

2301 4772 41 19 on
2357 4772 33 19 or
2403 4765 109 27 before
2524 4765 96 27 March
2636 4765 47 33 3.1,
2699 4767 87 28 1977.
2802 4769 44 27 No
2858 4772 145 30 purchase
3020 4773 22 25 is
3058 4780 165 28 necessary.

2304 4817 28 28 0.
2345 4819 68 30 One
2428 4820 57 28 First
2499 4822 79 30 Prize,
2592 4824 46 28 the
2658 4824 74 28 1977
2746 4825 98 35 Chevy
2855 4825 68 28 G2O
2937 4827 87 30 Series
3038 4828 60 28 Von
3112 4830 31 28 of
3157 4838 71 25 your

2304 4855 98 30 choice
2409 4860 20 25 6
2430 4857 39 28 nd
2479 4857 90 30 5,000
2576 4860 107 28 dollars,
2693 4861 50 27 will
2753 4861 39 28 be
2800 4863 148 28 oworded.
2956 4863 68 30 One
3030 4865 110 30 Second
3150 4866 76 28 Prize:

2304 4891 47 28 the
2370 4891 76 28 1977
2460 4893 98 36 Chevy
2570 4894 66 28 G2O
2650 4894 87 30 Series
2751 4896 61 30 Von
2825 4898 31 28 of
2871 4907 71 24 your
2956 4901 102 28 choice.
3076 4901 63 30 Five
3151 4902 76 30 Third

2304 4928 91 28 Prizes:
2402 4929 287 35 Hariey-DavidsonSS
2699 4932 52 30 175
2751 4932 35 30 cc
2791 4935 187 33 Motorcycles.
2986 4934 41 31 50
3031 4937 96 28 Fourth
3134 4939 91 28 Prizes:

2302 4965 69 25 AMF
2391 4965 6 43 ]
2403 4965 123 35 0-Speed
2539 4965 121 35 Bicycles.
2682 4969 85 30 1,000
2780 4970 61 28 Fifth
2855 4970 91 30 Prizes:
2961 4972 110 30 DuPont
3085 4973 76 35 Roily
3172 4973 55 30 Cor

2302 5000 135 38 Cleaning
2446 5000 57 30 Kits.
2512 5003 44 30 No
2562 5005 183 30 substitutions
2751 5006 43 28 for
2802 5008 80 27 these
2890 5009 91 33 prizes.

2301 5055 31 28 4.
2339 5057 44 27 All
2392 5058 214 31 prizewinners
2617 5060 57 27 will
2687 5060 41 27 be
2737 5060 140 27 selected
2888 5061 27 27 in
2924 5069 19 17 a
2956 5063 126 27 random
3096 5065 134 33 drawing

2299 5091 79 28 from
2395 5094 38 25 all
2450 5094 128 35 eligible
2594 5096 110 27 entries
2720 5098 153 27 received.
2890 5098 79 35 Only
2983 5106 63 20 one
3063 5101 80 31 prize
3159 5104 33 24 to
3211 5107 19 20 a

2302 5129 180 27 household.
2498 5131 47 27 PJ.
2561 5131 131 27 Laifmon
2707 5134 181 30 Associates,
2907 5135 20 25 is
2945 5135 54 27 the
3017 5137 213 31 independent

2296 5165 129 35 judging
2436 5169 211 31 organization
2655 5170 107 27 whose
2775 5170 146 27 decisions
2934 5178 52 20 are
2997 5172 85 28 final.
3093 5173 50 27 For
3154 5181 19 19 a
3186 5173 44 27 list

2301 5202 33 27 of
2346 5203 83 31 prize
2443 5205 128 27 winners
2584 5205 63 27 and
2658 5205 112 35 judges
2786 5209 183 25 statements
2984 5208 178 36 explaining
3178 5209 52 27 the

2301 5239 142 27 methods
2455 5241 87 28 .used
2565 5243 27 25 in
2614 5243 202 35 determining
2839 5244 208 27 entitlements
3068 5250 33 24 to
3123 5247 106 31 prizes,

2430 5276 77 27 send
2524 5285 19 17 a
2562 5282 157 28 separate,
2737 5279 255 33 self-addressed,
3009 5282 143 31 stomped
3175 5290 38 20 en-

2439 5313 115 33 velope
2578 5318 35 20 to
2635 5313 162 27 NEWPORT
3014 5317 50 27 ON

2465 5348 231 28 SWEEPSTAKES
2717 5350 129 30 Winner
2865 5351 69 31 List,
2954 5353 68 27 P.O.
3046 5353 66 30 Dox
3132 5353 94 33 2157,

2428 5378 22 35 \
2469 5384 128 33 Hillside,
2609 5386 74 28 New
2691 5386 104 36 Jersey
2806 5387 118 28 07205.

2479 5439 25 30 5.
2512 5441 126 28 Lorillord
2646 5450 123 22 reserves
2776 5444 46 28 the
2830 5444 66 38 right
2906 5450 28 24 to
2943 5447 140 30 substitute
3090 5455 41 20 on
3137 5452 94 31 equiv-

2430 5472 25 52 J
2466 5477 77 27 olent
2556 5480 74 33 prize
2641 5487 31 19 or
2683 5480 69 27 cash
2765 5487 146 28 payment.
2924 5483 36 27 All
2975 5487 80 27 taxes
3068 5487 49 27 will
3134 5487 38 27 be
3186 5487 47 27 the

2447 5513 61 28 sole
2517 5515 200 35 responsibility
2723 5517 31 28 of
2761 5518 74 28 each
2844 5518 148 30 individual
3000 5521 107 27 winner.

2454 5567 214 33 Sweepstakes
2690 5576 83 25 open
2795 5570 72 35 only
2888 5575 33 22 to
2943 5572 146 27 residents
3112 5573 33 27 of
3169 5573 52 27 the

2361 5602 109 28 United
2487 5603 99 28 States
2605 5605 71 27 who
2696 5611 54 20 are
2770 5609 33 22 at
2822 5606 79 27 least
2921 5606 35 27 21
2980 5614 90 25 years
3091 5608 33 27 of
3146 5616 74 25 age.

2291 5636 172 36 Employees
2476 5641 31 25 of
2523 5639 131 30 Lorillord.
2671 5643 98 27 Loews
2783 5641 191 35 Corporation,
2989 5643 134 27 affiliated
3137 5650 58 20 com-

2293 5677 106 33 panies,
2417 5674 169 38 advertising
2605 5677 142 36 ogenices,
2767 5676 39 28 PJ.
2824 5674 137 31 Loifmon
2972 5677 162 30 Associates,
3153 5677 61 30 ond

2291 5712 68 27 their
2376 5710 124 31 families,
2521 5720 54 19 ore
2592 5717 50 24 not
2660 5713 117 35 eligible.
2795 5713 69 28 Void
2882 5713 148 28 wherever
3050 5715 162 35 prohibited,

2293 5748 135 27 restricted
2443 5754 33 20 or
2491 5748 104 30 foxed..
2603 5748 36 28 All
2655 5745 115 35 federal,
2786 5754 72 24 state
2872 5750 61 30 ond
2951 5750 69 30 loco!
3038 5751 69 28 laws
3121 5751 91 35 apply.

3255 5910 3 20 a

3375 4373 389 118 Newport

3967 4644 80 30 an

3943 4676 74 30 mm

3260 5195 19 31 ■
3483 5203 200 38 OFFICIAL
3701 5205 140 38 ENTRY
3852 5205 146 38 BLANK

3260 5244 19 39 1

3260 5301 19 20 ■
3306 5293 117 30 Please
3438 5298 94 25 enter
3550 5302 54 22 me
3619 5296 28 27 in
3665 5294 57 30 the
3737 5294 176 33 NEWPORT
4143 5298 55 30 ON

3460 5334 227 28 SWEEPSTAKES.
3696 5335 8 27 I
3720 5335 82 31 have
3816 5335 76 30 read
3904 5337 63 28 and
3981 5337 118 36 agreed
4113 5340 35 27 to
4159 5339 41 28 be

3260 5364 20 31 •
3307 5370 107 30 bound
3430 5372 41 36 by
3487 5373 52 28 the
3551 5373 107 30 official
3676 5375 74 30 rules
3765 5375 65 30 and
3847 5364 6 47 I
3872 5376 101 35 certify
3987 5375 68 30 that
4071 5364 6 47 I
4096 5384 54 20 am
4165 5380 35 25 at

3260 5413 19 38 |
3306 5411 77 28 least
3398 5409 31 30 21
3447 5419 91 28 years
3551 5413 33 28 of
3598 5420 72 28 age.

3260 5466 19 20 ■
3304 5458 68 28 Mail
3383 5463 41 25 to:

3260 5487 20 22 ■
3304 5496 165 31 NEWPORT
3665 5499 54 28 ON
3882 5501 219 28 SWEEPSTAKES

3260 5524 19 39 I
3304 5535 228 31 P.0.80x2156

3258 5580 20 41 |
3304 5575 121 31 Hillside,
3435 5576 79 28 New
3520 5576 104 36 Jersey
3635 5576 112 30 07205

3258 5636 20 39 |
3304 5633 96 27 NAME

3258 5693 20 39 |
3302 5693 148 30 ADDRESS
3860 5691 36 36 J

3258 5748 20 39 |
3304 5750 72 28 CITY

809 6013 13 28 >

356 6047 222 71 Warning.-
602 6050 90 57 The
724 6050 198 71 Surgeon
961 6052 180 58 General
1178 6055 90 57 Has
1302 6057 282 57 Determined

354 6135 102 57 That
477 6135 202 72 Cigarette
702 6139 195 72 Smoking
921 6140 36 57 Is
984 6140 239 72 Dangerous
1243 6154 44 46 to
1302 6143 106 58 Your
1427 6145 157 58 Health.

3156 6187 118 60 Kings:
3282 6189 38 47 17
3329 6203 71 46 mg.
3534 6187 52 50 1.2
3597 6205 71 47 mg.
3680 6192 167 52 nicotine;
3860 6192 113 50 100's:
3987 6194 41 47 19
4043 6209 69 44 mg.

3156 6261 54 47 1.4
3224 6276 71 47 mg,
3309 6261 153 50 nicotine
3477 6279 54 35 av.
3543 6279 63 44 per
3616 6263 183 61 cigarette.
3813 6265 71 49 FTC
3899 6268 128 57 Report
4038 6268 91 58 April
4140 6269 102 47 1976.
