4386 6616
2732 176 809 266 IfeOCK
3595 176 165 266 f
3767 176 132 266 I
3964 176 165 266 f
4183 140 129 302 A

1882 550 287 38 Resolution—
2176 550 121 44 Andy
2357 550 115 44 Pratt,
2534 551 91 36 Nem-

1879 620 120 30 peror
2027 609 60 36 NE
2113 609 200 36 438-0698

1932 724 118 46 Andy
2113 726 104 36 Pratt
2279 724 150 44 clearly
2491 724 162 38 doesn't

1880 783 161 38 believe
2080 784 35 36 in
2159 783 165 47 rushing
2364 781 69 39 the
2474 784 180 36 creative

1880 854 181 33 process;
2107 841 238 39 Resolution
2394 844 27 36 is
2466 841 58 39 his
2569 841 85 39 first

1880 912 90 25 ■new
2005 898 137 39 album
2181 901 36 35 in
2254 912 115 25 more
2402 898 98 39 than
2540 898 113 41 three

1880 969 126 35 years.
2041 957 131 38 That's
2205 957 94 46 kept
2332 957 80 36 him
2446 957 104 38 from
2584 957 69 38 the

1882 1016 211 47 limelight,
2140 1028 44 27 so
2230 1028 22 27 a
2301 1016 79 39 few
2428 1016 131 39 words
2611 1016 43 39 of

1880 1074 172 47 history
2115 1074 87 39 and
2266 1072 250 49 biography
2581 1087 72 27 are

1880 1132 216 46 definitely
2124 1134 36 36 in
2191 1132 129 39 order.

1932 1191 118 47 Andy
2093 1194 104 35 Pratt
2235 1203 82 25 was
2359 1191 209 38 educated
2613 1198 41 30 at

1882 1249 191 47 Harvard,
2096 1249 148 49 having
2266 1249 106 41 been
2397 1249 99 39 born
2524 1252 85 38 into
2631 1263 22 25 a

1880 1307 140 49 family
2054 1307 126 39 noted
2211 1307 63 39 for
2307 1310 46 38 its
2386 1307 151 41 wealth
2573 1307 79 41 and

1882 1367 304 46 philanthropic
2225 1367 135 38 -works
2411 1367 88 44 (the
2550 1369 104 36 Pratt

1882 1428 200 43 Institute,
2107 1428 110 44 etc.).
2250 1428 151 44 During
2430 1425 60 38 his
2518 1428 135 36 senior

1880 1496 96 35 year
2014 1490 41 33 at
2099 1483 191 46 Harvard,
2332 1483 117 46 Andy
2491 1482 161 41 formed

1883 1545 167 43 Butter,
2093 1542 146 39 which
2285 1554 90 27 was
2419 1542 235 39 fortunate

1880 1600 167 49 enough
2068 1608 44 31 to
2132 1602 121 38 avoid
2280 1600 121 47 being
2425 1600 151 47 caught
2602 1613 52 35 up

1882 1661 39 35 in
1981 1658 90 43 the,

1880 1717 279 47 promotional
2187 1717 157 49 gambit
2373 1717 44 39 of
2447 1720 112 36 1968.

1937 1778 148 43 Butter,
2102 1776 123 38 while
2246 1776 191 46 skillfully
2460 1776 194 47 avoiding

1880 1833 121 47 hype,
2047 1833 102 39 built
2195 1846 55 35 up
2296 1846 22 27 a
2365 1846 91 27 corn
2474 1835 180 38 'derable

1880 1891 252 49 following.
2208 1894 191 38 Success
2471 1893 88 39 and
2631 1906 22 27 a

1882 1950 216 49 recording
2154 1957 187 33 contract
2398 1964 109 27 were
2567 1950 87 41 also

1880 2009 194 46 avoided;
2124 2009 107 39 their
2282 2016 178 41 attempt
2512 2016 39 33 at
2602 2022 52 27 an

1880 2068 139 39 album
2060 2068 98 39 died
2202 2071 35 36 in
2279 2068 71 39 the
2387 2068 128 39 demo
2557 2074 98 41 tape

1880 2132 142 43 stage.
2102 2126 323 49 Accordingly,
2506 2128 150 39 Butter

1880 2184 247 47 disbanded,
2143 2184 161 47 leaving
2323 2187 104 36 Pratt
2441 2192 44 31 to
2506 2198 150 35 pursue

1880 2257 24 25 a
1928 2244 91 38 solo
2046 2255 150 35 career-,
2220 2243 135 39 which
2384 2250 44 31 to
2455 2244 99 38 date
2583 2244 71 38 has

1880 2302 214 47 produced
2124 2302 115 39 three
2266 2301 176 41 albums:
2477 2301 176 41 Records

1880 2364 77 36 Are
1976 2361 90 39 Like
2085 2359 309 49 L//e(Polydor),
2411 2359 121 50 Andy
2551 2364 104 38 Pratt

1880 2420 139 46 (CBS),
2046 2420 79 38 and
2156 2433 91 25 now
2277 2419 254 41 Resolution.

1935 2479 310 47 Undoubtedly,
2306 2480 135 38 Pratt's
2499 2480 156 46 private

1880 2537 143 49 family
2039 2539 151 38 wealth
2211 2537 72 39 has
2304 2543 72 33 not
2394 2537 113 39 done
2529 2537 124 39 much

1880 2595 195 41 towards
2157 2598 205 47 spurring
2446 2609 55 27 on
2591 2595 65 39 his

1882 2655 291 47 productivity,
2200 2655 80 39 and
2310 2655 52 39 he
2389 2655 151 39 admits
2567 2655 88 39 that

1882 2717 131 36 music
2041 2717 30 35 is
2096 2721 72 30 not
2194 2726 22 27 a
2241 2724 148 27 source
2416 2713 46 38 of
2488 2717 167 35 income

1880 2772 63 39 for
1989 2772 96 39 him.
2135 2772 189 39 Personal
2372 2772 80 39 and
2499 2772 154 39 mental

1882 2828 208 47 problems
2124 2828 106 41 have
2263 2828 90 41 also
2389 2828 265 41 contributed

1880 2894 44 31 to
1976 2888 60 38 his
2088 2888 88 39 slim
2230 2894 164 43 output,
2446 2890 208 47 problems

1880 2945 408 41 which“Reso/uf/on
2324 2946 202 41 indicates
2562 2961 91 35 may

1880 3003 52 41 be
1959 3017 25 27 a
2011 3005 115 47 thing
2153 3003 44 41 of
2224 3005 71 41 the
2324 3011 102 41 past.

1932 3063 241 41 Resolution
2238 3066 30 36 is
2331 3063 176 41 forceful
2573 3065 79 39 and

1880 3121 306 47 clear-headed,
2228 3123 146 47 tightly
2420 3124 231 39 conceived

2724 550 77 39 and
2861 550 225 47 produced.
3143 550 128 38 Much
3328 550 44 38 of
3427 550 69 38 the

2724 609 183 38 material
2926 609 115 36 deals
3060 608 96 38 with
3176 608 255 47 depression,
3452 620 44 25 or

2724 680 112 25 more
2883 666 249 46 accurately,
3183 668 134 38 Pratt's
3367 665 110 41 deter-

2723 729 200 36 mination
2943 734 44 31 to
3006 740 107 35 cope
3132 728 96 39 with
3254 729 238 39 new-found

2724 789 225 43 optimism.
2995 787 90 39 This
3293 802 205 36 conquers

2839 846 176 38 attitude
3052 846 113 47 cloys
3202 849 298 47 occasionally,

2726 901 71 39 but
2816 915 47 25 an
2885 902 220 39 infectious
3124 906 107 38 hook
3252 907 28 36 is
3298 918 123 27 never
3439 907 58 39 far

2726 972 128 35 away,
2880 965 140 44 saving
3049 962 99 39 both
3181 964 69 38 the
3280 976 104 35 song
3417 967 79 36 and

2724 1017 69 39 the
2822 1022 268 44 conception.

2781 1077 28 38 If
2825 1077 238 39 Resolution
3085 1080 28 36 is
3129 1091 20 27 a
3169 1080 72 38 fair
3260 1083 101 44 sign,
3378 1082 118 47 Andy

2726 1137 102 38 Pratt
2847 1139 28 35 is
2894 1135 99 39 both
3014 1137 104 39 alive
3139 1139 79 38 and
3236 1139 104 38 well.
3367 1135 6 43 I
3395 1140 98 38 wish

2723 1194 69 38 the
2819 1202 157 31 creator
3005 1194 43 39 of

2723 1263 167 28 success
2937 1255 79 36 and
3065 1255 220 49 happiness
3339 1260 35 36 in
3425 1258 69 39 the

2724 1315 252 44 resumption
3027 1312 44 39 of
3123 1326 20 25 a
3197 1313 298 49 long-overdue

2723 1369 135 39 stellar
2885 1383 150 25 career.

2961 1433 191 36 ROBERT
3167 1435 35 36 E.
3219 1436 272 38 ANDERSON

2784 2298 143 38 Insane
2956 2298 309 39 coincidences.
3296 2298 82 39 The
3411 2310 88 27 new

2729 2357 112 36 Dave
2879 2359 148 35 Mason
3063 2356 317 41 double-album
3422 2361 79 44 just

2729 2414 186 47 happens
2964 2422 44 33 to
3057 2414 50 41 be
3159 2416 106 47 lying
3315 2424 94 31 next
3457 2424 44 31 to

2729 2474 213 46 Frampton
2980 2476 150 38 Comes
3161 2472 118 41 Alive
3315 2474 80 39 and
3435 2488 65 35 my

2728 2532 143 39 mouth
2894 2532 124 47 drops
3043 2546 124 33 open.
3194 2532 161 41 There's
3380 2546 22 27 a
3428 2532 69 41 full

2726 2589 129 41 frame
2879 2591 94 39 shot
2994 2591 44 39 of
3063 2594 113 36 Peter
3202 2605 52 25 on
3280 2592 71 39 the
3376 2605 124 27 cover

2726 2649 87 39 and
2877 2649 165 41 there's
3106 2654 208 44 grinning
3378 2654 121 36 Dave

2728 2707 180 49 banging
2937 2721 115 35 away
3083 2712 36 35 in
3157 2709 238 47 practically
3428 2709 71 41 the

2726 2778 115 25 same
2871 2778 113 35 pose.

2780 2824 291 47 Subsequent
3121 2825 211 47 parallels
3384 2838 113 27 soon

2724 2882 156 39 follow.
2918 2882 298 43 Both;albums
3250 2883 143 41 follow
3428 2883 69 41 the

2726 2953 113 27 same
2871 2940 288 39 format—two
3191 2942 169 39 electric
3391 2942 107 41 sides

2724 2998 287 49 sandwiching
3050 3013 57 28 -an
3159 3003 187 36 acoustic
3398 3002 101 46 side,

2724 3057 96 41 with
2868 3057 90 41 side
3000 3058 93 44 four
3137 3061 244 46 containing
3428 3060 69 39 the

2724 3104 438 61 show-stopper—lots
3202 3117 44 39 of
3288 3121 211 46 jamming,

3575 542 227 47 cheering,
3854 550 87 30 etc.
4000 542 107 39 Both
4164 542 173 41 albums

3573 602 169 36 contain
3784 600 135 46 nearly
3959 600 69 38 the
4068 608 117 30 exact
4227 613 110 27 same

3575 658 172 38 number
3776 658 43 38 of
3854 671 123 35 songs
4011 672 68 33 per
4112 660 99 38 side!
4249 660 88 38 And

3573 718 159 36 Mason
3787 729 112 27 even
3957 717 150 39 makes
4162 731 77 25 use
4293 717 44 39 of

3575 776 246 44 Frampton's
3846 783 68 38 pet
3934 775 176 39 Talkbox
4134 789 52 25 on
4214 789 22 25 a
4261 776 76 38 few

3573 839 101 31 cuts.

3628 893 184 44 Despite
3863 890 96 52 this_
3998 891 173 39 blatant
4220 906 90 27 com-

3573 950 269 38 mercialism
3899 962 55 25 on
4011 950 76 39 the
4142 957 94 39 part
4293 950 47 39 of

3572 1006 217 39 Columbia
3820 1008 176 38 Records
4030 1008 180 47 (They're
4244 1009 94 46 only

3575 1068 200 46 imitating
3791 1065 69 39 the
3879 1065 143 49 largest
4038 1066 142 47 selling
4200 1066 135 39 album

3575 1124 35 36 in
3638 1126 162 44 years.),
3828 1126 110 36 Dave
3967 1128 146 35 Mason
4148 1124 192 39 Certified

3573 1183 88 38 Live
3688 1184 28 36 is
3745 1181 203 39 excellent
3978 1184 35 36 in
4044 1183 148 38 almost
4219 1195 120 35 every

3572 1247 154 39 aspect.
3751 1239 82 39 The
3854 1239 140 41 album
4016 1254 121 35 spans
4164 1249 107 31 most
4294 1241 44 39 of

3572 1301 181 36 Mason's
3795 1310 137 27 career
3975 1298 102 39 from
4126 1299 58 39 his
4230 1301 107 47 early

3572 1357 145 38 Traffic
3735 1357 113 47 days,
3871 1359 209 46 including
4099 1359 71 38 the
4194 1359 142 38 classic

3572 1416 170 39 "Peelin'
4027 1430 54 33 up
4129 1417 98 38 until
4279 1419 57 38 his

3573 1480 139 33 recent
3767 1474 90 39 solo
3912 1476 194 38 material.
4167 1479 27 36 It
4252 1476 87 39 also

3572 1535 189 36 contains
3792 1535 328 46 interpretations
4148 1534 44 39 of
4222 1548 115 25 some

3570 1592 128 38 works
3742 1592 43 38 of
3827 1592 117 38 other
3986 1592 257 46 performers,
4285 1595 36 35 in-

3570 1646 165 47 cluding
3773 1646 162 46 Dylan's
4094 1646 132 46 Along
4265 1647 72 36 the-

3924 1709 77 39 and
4061 1709 71 39 the
4192 1709 145 49 Eagles'

3732 1769 27 36 It
3784 1773 44 31 to
3855 1767 71 38 the

3624 1824 277 49 Throughout,
3950 1828 27 35 it
4027 1828 27 35 is
4106 1827 71 38 the
4228 1839 82 25 com-

3572 1882 184 41 bination
3780 1882 43 41 of
3844 1883 85 39 fine
3953 1883 276 39 vocalization
4255 1885 79 39 and

3570 1942 102 47 tight
3726 1942 293 47 musicianship
4071 1942 88 39 that
4213 1942 123 49 keeps

3570 2000 135 47 things
3765 2002 246 46 interesting.
4074 2002 263 47 Surprisingly

3570 2058 165 49 enough
3757 2058 61 39 for
3839 2072 22 25 a
3885 2060 76 38 live
3984 2058 151 47 album,
4157 2063 178 35 Mason's

3570 2117 140 39 vocals
3731 2129 66 27 are
3816 2129 43 27 as
3880 2124 137 41 strong
4039 2131 41 27 as
4106 2117 102 41 have
4230 2117 104 41 been

3572 2175 123 39 heard
3743 2176 50 46 by
3841 2175 80 39 him
3970 2178 36 36 in
4055 2189 126 33 years.
4235 2176 99 39 Lead

3570 2236 206 44 guitarist
3820 2236 77 41 Jim
3946 2238 225 44 Krueger's
4217 2235 96 41 well-

3570 2291 202 41 executed
3802 2293 110 39 solos
3940 2293 79 39 add
4052 2307 20 25 a
4102 2293 231 39 dimension

3570 2359 43 31 to
3628 2351 118 41 these
3765 2359 90 33 cuts
3874 2351 87 41 that
3983 2354 28 38 is
4030 2351 146 41 absent
4194 2367 54 25 on
4268 2353 69 39 the

3570 2411 137 38 studio
3735 2413 192 36 versions.

3624 2472 146 35 Mason
3798 2469 71 38 has
3896 2482 20 25 a
3942 2469 129 38 knack
4098 2469 61 38 for
4181 2472 156 46 writing

3570 2524 216 49 melodic,
3866 2528 469 41 middle-of-the-road

3570 2586 173 39 rockers.
3776 2589 38 36 In
3844 2586 71 41 the
3942 2594 167 33 context
4135 2587 44 39 of
4208 2602 20 25 a
4263 2587 74 39 live

3570 2646 154 44 album,
3770 2646 135 38 where
3954 2646 69 39 the
4072 2647 181 38 material
4309 2650 28 35 is

3569 2702 220 39 enhanced
3830 2704 52 46 by
3921 2717 117 25 some
4077 2704 85 39 fine
4205 2706 134 46 riffing

3569 2761 80 39 and
3672 2775 104 25 even
3802 2775 24 25 a
3850 2775 120 27 sense
3994 2762 46 39 of
4063 2767 277 44 spontaneity,

3569 2822 148 36 Mason
3756 2820 146 38 excels.
3942 2820 90 38 This
4069 2820 137 39 album
4246 2833 91 36 may

3570 2883 72 33 not
3661 2877 120 39 make
3802 2880 113 36 Dave
3932 2880 148 36 Mason
4099 2879 71 39 the
4191 2879 80 39 idol
4294 2879 44 39 of

3569 2948 120 36 every
3748 2935 332 49 pre-pubescent,
4135 2937 74 39 but
4271 2939 63 38 it'll

3569 2994 132 49 surely
3734 2994 191 39 enhance
3962 2994 79 41 and
4079 2995 159 47 expand
4277 2995 58 39 his

3569 3052 217 39 audience.

3986 3115 156 36 BARRY
4157 3115 180 44 JACOBS

2728 2123 219 38 Certified
2994 2124 98 36 Live
3156 2124 123 38 Dave
3324 2124 159 38 Mason
3491 2156 8 13 ,

2729 2180 213 39 Columbia
2976 2183 195 38 PG34174

3874 3214 457 91 Classical

1893 3321 362 139 Herb
2331 3321 471 139 Lasker
2866 3321 797 142 Celebrates

1882 3513 254 135 Life
2197 3513 203 135 Of
2458 3513 283 135 The
2816 3513 666 135 Hebrides

1876 3742 61 35 An
1986 3740 178 44 Evening
2211 3737 44 39 of
2304 3740 131 44 Songs
2485 3734 44 41 of
2580 3734 71 41 the

1879 3795 198 41 Hebrides
2101 3794 94 41 with
2225 3802 120 33 tenor
2372 3794 109 39 Herb
2507 3792 143 39 Lasker

1874 3855 93 39 and
2046 3855 170 46 pianist
2302 3852 104 39 Paul
2491 3850 154 39 Rabar.

1877 3912 236 41 November
2128 3950 8 5 ,
2181 3915 55 36 76.
2302 3915 24 35 8
2389 3924 83 35 pm.
2540 3910 112 39 RISD

1876 3972 274 39 Auditorium.

1934 4033 30 36 It
2016 4043 82 27 was
2151 4043 83 25 one
2288 4028 44 39 of
2384 4028 124 39 those
2567 4039 85 25 rare

1877 4091 211 44 evenings,
2131 4087 200 39 beautiful
2381 4090 36 35 in
2468 4090 47 35 its
2561 4088 71 36 sim-

1879 4150 154 46 plicity,
2071 4159 22 27 a
2134 4151 172 33 concert
2342 4148 120 46 given
2506 4145 52 47 by
2600 4157 49 25 an

1879 4211 113 35 artist
2019 4206 96 39 who
2146 4206 71 38 has
2249 4219 22 25 a
2301 4205 110 47 deep
2444 4203 91 39 love
2570 4202 80 41 and

1880 4272 162 41 respect
2068 4263 63 41 for
2159 4263 60 39 his
2246 4263 198 39 material.

1932 4326 106 38 Such
2069 4337 49 25 an
2151 4324 112 36 artist
2296 4324 28 36 is
2359 4321 106 38 Herb
2498 4320 151 39 Lasker.

2729 3734 68 36 His
2820 3732 156 46 feeling
3000 3731 61 38 for
3085 3731 71 38 the
3180 3731 87 38 fold
3298 3732 131 35 music
3455 3729 44 38 of

2728 3791 69 38 the
2825 3789 197 39 Hebrides
3050 3787 165 47 Islands,
3246 3787 164 39 located
3438 3786 61 41 off

2728 3847 71 41 the
2855 3855 118 31 coast
3030 3846 43 43 of
3132 3846 209 46 Scotland,
3397 3854 83 31 tran-

2728 3907 181 39 sformed
2950 3906 118 39 these
3107 3906 146 47 simple
3298 3904 202 39 melodies

2731 3969 87 35 into
2846 3976 121 35 songs
2994 3964 255 47 celebrating
3279 3964 68 38 life
3380 3967 36 35 in
3449 3962 49 39 all

2731 4027 46 36 its
2803 4025 312 46 permutations.
3142 4020 83 39 The
3250 4020 183 47 subjects
3457 4020 44 39 of

2728 4080 118 41 these
2887 4080 110 39 short
3036 4093 123 35 songs
3202 4080 148 47 ranged
3394 4080 104 38 from

2731 4142 106 44 love,
2872 4140 99 38 both
3011 4139 239 39 new-found
3288 4139 80 38 and
3413 4139 90 46 lost,

2729 4198 87 39 and
2877 4198 76 39 the
3017 4200 235 46 mysteries
3315 4197 47 39 of
3425 4195 76 41 the

2728 4257 294 49 supernatural,
3039 4263 44 33 to
3102 4257 69 39 the
3192 4257 151 49 beauty
3364 4258 44 39 of
3428 4258 69 39 the

2728 4315 217 39 afternoon
2976 4315 195 39 sunshine
3203 4315 79 39 and
3317 4329 20 25 a
3370 4320 128 36 man's

3565 3731 139 38 dream
3732 3731 44 36 of
3805 3743 49 25 an
3882 3731 154 38 eternal
4066 3731 198 46 paradise.

3647 3784 6 50 I
3687 3784 79 41 had
3794 3784 69 41 the
3890 3789 268 46 opportunity
4184 3794 44 33 to
4254 3787 80 41 talk

3564 3846 96 39 with
3702 3846 139 41 Lasker
3882 3846 154 47 shortly
4077 3846 142 41 before
4261 3847 71 39 the

3565 3912 181 38 concert.
3776 3907 58 36 He
3863 3906 128 47 spoke
4019 3906 44 38 of
4088 3906 71 39 the
4184 3907 148 47 simple

3567 3964 150 47 beauty
3759 3964 47 38 of
3850 3964 69 38 the
3969 3964 164 38 Islands'
4181 3965 151 46 people

3564 4022 145 39 before
3759 4022 69 39 the
3882 4022 154 49 English
4093 4024 238 47 conquered

3565 4080 124 39 them.
3746 4083 99 36 Now
3898 4080 69 39 the
4022 4080 150 39 Islands
4228 4080 104 41 have

3567 4140 153 38 rocket
3767 4140 135 38 fields
3951 4140 85 38 and
4088 4142 241 38 television

3565 4198 154 39 aerials.
3753 4198 129 39 These
3912 4211 123 35 songs
4065 4211 68 27 are
4162 4200 49 38 all
4244 4200 88 38 that

3565 4260 151 35 remain
3756 4257 43 38 of
3836 4269 20 27 a
3894 4257 145 47 simple
4079 4257 66 39 life
4184 4261 35 35 in
4261 4257 69 41 the

3567 4315 209 39 Hebrides;
3797 4329 22 25 a
3836 4315 77 39 lost
3931 4315 156 39 culture
4106 4317 96 38 lives
4217 4331 52 24 on
4293 4320 35 35 in

3564 4373 102 38 their
3696 4375 124 46 lyrics.

3619 4433 139 39 Lasker
3786 4431 173 49 brought
3987 4433 117 39 these
4134 4446 121 35 songs
4287 4441 43 31 to

3567 4490 66 41 life
3660 4491 94 39 with
3784 4491 69 39 the
3882 4491 65 39 aid
3976 4491 43 39 of
4046 4506 50 25 an
4128 4493 202 39 excellent

3565 4553 161 43 pianist,
3767 4550 88 39 Paul
3901 4551 137 38 Rabar.
4083 4551 128 39 Rabar
4247 4565 82 25 was

3562 4608 162 39 faithful
3742 4616 43 31 to
3802 4609 69 38 the
3887 4611 154 36 written
4061 4611 180 36 material
4263 4617 66 38 yet

3565 4666 115 41 loose
3696 4668 164 47 enough
3879 4676 41 31 to
3935 4680 52 35 go
4002 4668 137 39 where
4159 4669 170 38 Lasker's

3565 4728 306 46 interpretation
3901 4726 99 39 took
4028 4726 94 39 him.

3614 4784 183 47 Capable
3838 4784 44 39 of
3928 4784 69 41 the
4043 4792 107 31 most
4195 4786 134 39 subtle

3564 4855 183 27 nuances
3772 4844 79 38 and
3882 4844 247 46 inflections,
4159 4846 169 38 Lasker's

3561 4901 87 47 full,
3671 4901 82 41 rich
3780 4909 118 33 tenor
3920 4902 69 39 did
4016 4902 69 39 full
4113 4907 143 43 justice
4285 4910 43 31 to

3561 4959 69 41 the
3663 4973 132 35 songs.
3830 4962 50 38 So
3912 4961 151 49 caught
4098 4975 54 35 up
4187 4965 36 35 in
4258 4962 69 39 the

3562 5019 126 39 mood
3715 5020 44 36 of
3783 5020 102 38 each
3912 5033 102 35 song
4039 5033 83 25 was
4151 5020 65 46 he,
4241 5020 88 39 that

3562 5077 50 38 he
3636 5090 83 27 was
3743 5079 184 46 virtually
3956 5079 287 46 transformed,
4269 5079 58 39 his

3561 5140 120 36 voice
3713 5140 118 44 rising
3863 5137 79 39 and
3973 5137 140 47 falling
4150 5139 76 38 like
4258 5139 69 38 the

3559 5208 137 27 waves
3715 5194 165 50 beating
3901 5209 110 35 upon
4031 5195 69 41 the
4123 5195 140 41 shores
4283 5197 44 38 of

3559 5254 71 39 the
3657 5255 197 38 Hebrides
3880 5255 148 44 (which
4057 5255 50 38 he
4131 5255 102 39 feels
4261 5268 66 27 are

3562 5312 283 47 responsible
3907 5313 69 38 for
4036 5313 77 39 the
4178 5315 150 46 songs'

3561 5370 191 47 peaceful
3784 5370 208 49 rhythms).

3613 5431 94 38 One
3742 5428 198 50 highlight
3972 5443 82 27 was
4088 5444 20 25 a
4145 5444 102 35 song
4283 5430 44 39 of

3562 5488 233 47 loneliness,
3825 5491 35 36 in
3888 5488 134 41 which
4054 5490 50 38 he
4131 5502 99 35 sang
4257 5490 69 39 the

3559 5546 87 39 first
3677 5559 128 35 verse,
3836 5548 150 39 almost
4024 5548 225 47 blues-like,
4283 5556 44 31 to

3561 5605 176 49 himself,
3787 5605 60 41 his
3898 5619 104 27 arms
4055 5606 157 47 folded,
4268 5606 58 39 his

3559 5663 214 41 shoulders
3811 5663 206 43 hunched.
4055 5665 126 49 Then,
4216 5679 44 27 as
4299 5665 28 41 if

3559 5723 202 49 suddenly
3781 5726 161 46 putting
3961 5724 72 39 the
4054 5726 94 46 pain
4173 5724 151 39 behind

3559 5780 98 49 him,
3702 5781 50 39 he
3798 5781 203 39 bellowed
4049 5781 72 41 the
4167 5783 157 39 second

3559 5854 113 25 verse
3723 5847 72 33 out
3849 5843 85 38 into
3976 5839 79 41 .the
4109 5841 219 47 audience,

3559 5898 129 49 filling
3726 5898 69 41 the
3835 5902 129 36 entire
4003 5898 77 41 hall
4124 5899 96 41 with
4266 5899 58 41 his

3557 5959 132 36 voice.
3699 5957 101 38 Each
3827 5970 102 36 song
3954 5957 77 39 had
4058 5970 22 27 a
4109 5959 217 47 particular

3557 6016 115 39 force
3723 6016 139 39 within
3915 6020 27 35 it
3994 6016 135 39 which
4186 6017 140 38 Lasker

3559 6074 175 47 brought
3759 6082 87 33 out.

3611 6134 82 39 The
3726 6134 285 41 combination
4046 6134 44 41 of
4123 6134 49 41 all
4206 6134 118 41 these

3556 6192 135 41 forces
3750 6194 72 39 left
3879 6206 80 27 one
4019 6194 154 49 feeling
4230 6206 94 36 very

3557 6250 220 49 privileged
3819 6258 44 33 to
3906 6252 104 39 have
4050 6254 272 47 experienced

3556 6309 118 41 these
3699 6324 124 35 songs
3850 6310 46 39 of
3924 6310 79 39 life.

3953 6419 132 36 GARY
4099 6420 57 35 M.
4173 6420 159 35 SHORE

227 6518 115 35 RESH
372 6518 139 35 FRUIT

2187 6457 134 109 14

3907 6504 230 38 December
4164 6507 36 41 5,
4224 6507 101 35 1976

227 728 113 172 p

595 381 795 192 SPATS

435 734 224 83 PUB
688 729 370 88 STYLE
1082 721 424 91 DINING

661 964 313 55 spectacular
995 964 315 46 sandwiches

724 1030 254 58 pub-style
997 1030 219 60 burgers

575 1098 466 58 omelets—freshly
1060 1098 148 46 made
1227 1091 167 52 salads

441 1165 61 46 all
523 1165 181 46 served
724 1165 121 46 with
865 1180 126 43 your
1009 1165 217 46 favorite
1244 1164 287 58 beverages

545 1247 128 43 open
691 1231 77 46 for
784 1230 266 47 breakfast
1068 1247 63 30 on
1150 1230 274 47 weekends

531 1298 192 46 “BEST
740 1298 235 46 PRICES
994 1298 90 46 ON
1104 1298 131 46 THE
1255 1298 181 46 HILL”

417 1526 76 91 P

416 1628 93 93 U

420 1724 72 90 B

622 1488 80 46 it’s
721 1502 124 43 your
865 1488 217 46 favorite
1101 1491 117 52 spot
1235 1487 123 46 with

679 1572 126 41 your
822 1556 217 46 favorite
1061 1553 156 46 music

672 1641 139 46 draft
827 1639 124 46 beer
970 1638 43 44 &
1033 1636 238 47 cocktails

652 1707 132 57 daily
806 1706 211 58 specials
1035 1718 63 33 on
1117 1701 176 49 drinks

546 1844 178 55 ihayer
743 1847 164 41 street
926 1847 54 39 at
997 1839 181 58 angell,
1198 1836 304 58 providence

450 2126 131 68 ALL
620 2124 384 69 NATURAL
1052 2117 480 74 FLAVORING

584 2220 672 176 PALE

479 2446 165 101 ICE
702 2446 405 101 CREAM
1172 2439 420 102 PARLOR

461 2564 296 43 tremendous
773 2562 69 43 ice
861 2573 150 30 cream
1077 2559 298 44 tremendous
1387 2557 208 43 sundaes

609 2628 157 52 thayer
783 2633 44 36 at
843 2627 146 52 angell
1006 2630 142 38 street
1165 2622 276 54 providence

557 2872 906 129 ANDREAS

712 3022 312 85 Food—
1043 3019 293 106 Spirits

813 3143 88 44 258
915 3145 192 52 Thayer
1123 3145 72 43 St.

400 3323 88 41 The
501 3321 195 41 Newest
706 3320 96 41 and
814 3318 132 43 Most
957 3317 200 52 Exciting
1175 3315 224 52 Drinking,
1419 3315 157 52 Eating

444 3384 94 44 and
551 3384 205 52 Meeting
775 3384 121 50 Spot
912 3389 46 35 to
976 3383 145 43 Come
1140 3386 46 36 to
1206 3380 76 41 the
1296 3380 110 41 East
1419 3378 110 43 Side

523 3469 137 41 Have
676 3468 150 41 lunch
844 3479 57 30 or
913 3465 165 54 spend
1096 3477 63 30 an
1180 3463 272 44 afternoon

540 3532 135 43 Have
693 3532 175 41 dinner
885 3542 55 30 or
956 3529 162 52 spend
1139 3540 61 30 an
1219 3528 217 50 evening

504 3616 159 44 Greek
680 3616 98 41 and
800 3613 217 44 Oriental
1035 3611 293 54 specialties
1346 3611 129 52 daily

487 3680 247 44 Souvlaki:
757 3679 162 43 Greek
937 3677 186 43 salads:
1142 3676 151 43 Shish
1313 3674 176 43 Kebob

460 3764 98 43 Our
575 3775 150 30 menu
743 3762 41 41 is
800 3759 350 52 intentionally
1167 3757 350 54 underpriced!

502 3828 129 41 Both
647 3827 126 43 food
791 3825 99 43 and
909 3825 172 55 liquor:
1104 3824 112 41 Find
1235 3828 90 36 out
1340 3820 134 52 why!

394 3957 209 41 Kitchen
622 3967 135 38 open
775 3954 128 41 until
915 3953 272 50 Midnight-
1206 3950 30 41 7
1249 3951 126 50 days
1389 3962 30 30 a
1438 3950 151 43 week

238 4145 87 36 The
353 4145 151 36 Rhode
532 4143 137 38 island
699 4143 178 46 College
906 4143 96 36 Fine
1027 4143 101 36 Arts
1156 4143 146 36 Series
1328 4143 208 35 Presents

553 4257 101 35 THE
668 4255 265 36 CONCORD
948 4249 192 43 STRING
1159 4254 247 38 QUARTET

260 5487 244 39 December
526 5487 39 41 8,
591 5487 98 39 1976

260 5543 183 36 Roberts
468 5543 183 36 Theatre
676 5543 180 44 8:00pm.

258 5598 181 43 General
466 5598 254 39 Admission
746 5597 115 41 $4.00

260 5655 90 36 Box
364 5655 143 36 Office
523 5655 150 44 Opens
690 5655 247 36 December
951 5655 187 41 I,loam.
1154 5674 14 8 -
1180 5655 118 46 4pm.
1310 5655 195 38 456-8144

260 5710 74 36 Far
359 5710 231 46 Half-price
617 5710 191 38 Student
831 5710 178 38 Tickets

293 5767 153 36 Brown
474 5767 214 36 Students
717 5767 77 36 call
827 5767 102 36 Mrs.
957 5767 244 36 Markovitz
1228 5767 170 36 Faunce
1427 5767 150 36 House

293 5822 252 46 Barrington
572 5822 180 44 College
778 5841 14 6 -
820 5822 102 36 Mrs.
950 5822 148 36 Calvin

291 5877 156 46 Bryant
474 5876 176 47 College
677 5898 13 6 -
720 5877 112 38 Prof.
861 5877 235 46 Rosepepe

291 5934 265 35 Providence
583 5932 178 46 College
789 5953 14 6 -
830 5934 151 35 Father
1008 5934 194 35 McPhail

293 5987 118 38 RISD
438 6008 13 6 -
479 5987 101 38 Mrs.
609 5987 180 47 Furlong

291 6044 140 46 Roger
455 6044 203 38 Williams
687 6044 178 47 College
891 6065 14 6 -
934 6046 104 36 Mrs.
1063 6044 233 47 Argo/Ms.
1324 6044 129 38 Davis

290 6099 128 38 Salve
444 6099 161 47 Regina
630 6120 16 6 -
672 6099 121 38 Dean
824 6099 176 47 Megley

291 6156 83 36 URI
403 6176 13 5 -
444 6156 83 38 Ms.
551 6156 120 46 Judy
696 6156 124 38 Allen

255 6266 146 47 Group
430 6266 131 38 Rates
586 6266 224 38 Available
835 6268 82 36 call
939 6266 195 39 274-4900
1159 6274 87 31 ext.
1272 6268 79 38 393

255 6323 197 38 Covered
468 6323 55 46 by
534 6323 151 38 Ticket
699 6323 293 38 Endowment
1009 6324 153 36 Rhode
1178 6324 139 36 Island
1335 6324 128 36 State
1482 6324 181 36 Council
1680 6334 60 28 on

254 6378 77 36 the
354 6378 101 36 Arts
479 6378 186 36 884-3051

2734 4939 400 120 MOVIN
3189 4948 173 104 ON

1950 5143 420 123 CORDS
2455 5151 54 107 4
2557 5143 419 120 DRESS
3030 5140 436 126 7EANS

1978 5315 602 310 tqaa

2757 5554 581 124 wrutlS®

1920 5794 476 69 SEUcTEO
2458 5781 320 90 DWi
3165 5775 261 69 oF—

1926 5893 602 82 Fe.\IBPCfTHIN6
2578 5901 243 66 BLfe
2866 5904 102 61 IN
3019 5906 159 61 THE
3224 5893 216 72 irons

2005 5989 27 80 I
2066 5978 233 123 pro/
2378 6000 191 66 off
2620 5997 246 74 with
2923 5997 235 72 this
3216 5989 197 77 ho-

2011 6069 150 106 IsJ
2208 6069 88 104 h
2413 6098 304 80 OFFSR
2789 6096 369 85 BlpfitS
3205 6074 227 126 I*l*f

1935 6194 581 189 Infinite
2584 6186 765 192 Inventory

2121 6391 357 57 INT&y*At
2543 6384 455 60 PR&HQ&M
3013 6375 77 61 &
