4386 6616
3672 0 624 90 -uverMory

172 241 146 165 A
419 246 469 173 Case
992 249 761 227 History:

172 576 655 176 Russell
899 592 622 173 Morris
1611 587 400 178 And
2106 595 370 173 The
2569 606 1260 173 Woonsocket

164 798 781 178 Welfare
1049 811 1205 217 Department

413 1224 54 43 By
483 1222 156 36 BRUCE
655 1222 241 36 McINTYRE

219 1279 150 39 Russell
392 1280 142 38 Morris
557 1283 61 35 sat
646 1272 191 47 slumped
868 1276 129 41 under
1019 1288 22 27 a
1063 1282 87 33 tree

167 1340 35 36 in
219 1335 71 43 the
309 1339 50 38 St.
381 1339 131 43 James
531 1337 214 46 Cemetery
765 1337 36 36 in
820 1334 328 39 'Woonsocket.

167 1398 69 38 For
252 1395 71 39 the
342 1402 90 41 past
447 1394 93 39 four
557 1394 148 49 nights,
723 1395 36 36 in
780 1392 72 39 the
871 1392 93 39 chill
983 1391 46 39 of
1052 1391 99 39 mid-

165 1454 252 49 September,
446 1455 143 36 Morris
620 1450 77 41 had
732 1450 189 41 returned
951 1449 124 41 alone
1106 1457 44 31 to

167 1513 60 39 his
247 1512 126 41 home
397 1512 109 39 amid
531 1510 71 41 the
624 1509 235 41 weathered
883 1513 266 44 gravestones

165 1570 80 41 and
272 1570 246 41 untrimmed
546 1581 120 36 grass.
696 1570 65 38 On
791 1567 206 47 Thursday
1025 1565 126 49 night,

165 1628 255 41 determined
444 1639 121 27 never
586 1633 46 33 to
655 1625 167 43 awaken
850 1625 109 47 cold,
983 1624 170 49 hungry,

167 1688 79 43 and
263 1687 121 39 alone
403 1690 132 46 again,
553 1688 143 38 Morris
713 1683 203 50 allegedly
934 1682 214 50 tightened

167 1746 60 41 his
254 1746 87 41 belt
365 1743 156 43 around
551 1743 58 41 his
638 1743 117 41 rreck.
783 1754 11 6 '

219 1805 82 39 The
334 1811 93 33 next
460 1806 200 44 morning,
696 1802 239 49 September
975 1803 60 44 17,
1068 1806 83 33 two

167 1871 173 41 teenage
391 1863 99 47 boys
540 1861 165 39 noticed
756 1863 143 38 Morris
948 1858 202 41 slouched

167 1926 157 44 against
339 1921 71 41 the
424 1928 99 41 tree,
537 1920 72 41 but
625 1920 146 50 passed
789 1918 65 49 by,
871 1921 209 46 assuming
1099 1918 54 39 he

165 1994 82 28 was
279 1994 24 27 a
332 1987 109 33 town
477 1978 129 41 drunk
639 1978 184 49 sleeping
858 1981 28 36 it
918 1978 74 38 off.
1030 1978 120 47 Upon

169 2041 203 47 returning
397 2052 54 27 on
480 2038 209 47 Saturday,
720 2036 239 49 September
992 2039 61 43 18,
1080 2035 72 39 the

169 2099 101 47 boys
309 2098 165 39 noticed
513 2096 72 39 the
628 2096 110 47 body
778 2109 83 27 was
904 2094 77 41 still
1025 2093 128 47 there,

169 2156 263 49 approached
476 2159 41 44 it,
557 2154 79 41 and
679 2167 83 27 saw
803 2156 156 36 Morris'
1002 2153 150 47 fingers

167 2214 153 41 stuffed
342 2213 187 41 between
553 2213 71 41 the
644 2213 87 41 belt
751 2213 79 39 and
854 2213 60 44 his
935 2211 150 47 throat,
1109 2224 43 27 as

170 2274 27 39 if
222 2277 36 36 in
285 2287 24 27 a
332 2274 118 38 futile
479 2279 175 41 attempt
679 2277 44 33 to
750 2283 101 35 gasp
877 2271 63 39 for
965 2282 83 27 one
1079 2269 74 39 last

167 2331 156 41 breath.
378 2331 197 47 Saturday
625 2343 82 27 was
764 2329 151 41 Russell
975 2329 176 39 Morris's

167 2389 304 50 twenty-fourth
501 2387 198 49 birthday.

222 2510 109 36 From
348 2509 156 46 August
521 2509 24 36 4
564 2507 98 39 until
683 2506 241 49 September
945 2507 47 36 16
1009 2504 46 39 of
1071 2504 80 39 this

165 2578 107 35 year,
291 2565 150 39 Russell
461 2567 143 36 Morris
625 2564 80 39 had
724 2564 106 39 been
852 2562 219 49 appealing
1090 2562 63 39 for

167 2624 94 49 help
298 2630 43 33 at
373 2622 71 41 the
480 2622 285 39 Woonsocket
802 2622 167 39 welfare
1008 2620 140 39 office.

165 2683 135 47 Going
326 2682 115 39 there
469 2694 47 27 an
548 2693 173 36 average
748 2680 44 39 of
819 2687 82 33 two
931 2682 121 38 times
1083 2691 69 36 per

165 2742 128 46 week,
320 2740 50 39 he
397 2753 82 25 was
507 2740 238 47 repeatedly
770 2739 153 39 denied
954 2739 195 39 financial

169 2802 233 38 assistance.
436 2800 69 38 Yet
540 2800 142 38 Morris
713 2809 82 27 was
831 2805 74 33 not
937 2809 24 27 a
994 2795 156 41 normal

167 2857 277 47 unemployed
471 2857 142 47 youth;
644 2857 50 39 he
717 2857 82 38 had
827 2855 104 39 been
957 2855 192 39 declared

167 2915 195 47 mentally
409 2918 287 44 incompetent
743 2913 50 47 by
843 2920 106 33 state
997 2913 153 39 mental

169 2973 135 39 health
331 2973 186 39 workers.

219 3031 80 41 The
350 3044 96 27 case
496 3030 44 41 of
592 3030 151 41 Russell
797 3033 143 38 Morris
995 3033 28 36 is
1079 3036 74 33 not

165 3091 211 39 discussed
397 3091 151 47 openly
567 3102 154 36 among
739 3090 71 39 the
827 3090 128 39 social
975 3090 178 38 workers

167 3162 44 27 or
228 3150 159 38 clerical
409 3148 96 39 Staff
523 3148 44 39 of
584 3148 71 39 the
672 3148 285 39 Woonsocket
975 3146 178 41 Welfare

170 3211 277 46 Department.
471 3209 74 38 But
567 3220 121 35 many
712 3219 65 27 are
798 3205 198 50 Outraged
1020 3213 41 33 at
1080 3205 72 41 the

169 3274 94 39 type
285 3265 44 39 of
348 3279 159 35 agency
529 3269 28 35 it
581 3268 30 36 is
636 3265 235 49 becoming,
896 3268 187 46 pointing
1107 3271 46 31 to

165 3324 71 39 the
258 3326 143 38 Morris
427 3337 96 25 case
548 3337 41 25 as
614 3335 49 27 an
691 3331 180 31 extreme
894 3323 189 47 example
1107 3323 46 38 of

165 3384 71 38 the
291 3386 189 46 agency's
540 3383 173 39 attitude
770 3383 154 39 toward
984 3381 169 41 welfare

169 3443 154 39 clients.

220 3502 120 38 Since
381 3501 178 47 Gregory
603 3501 153 46 Bouley
797 3512 82 27 was
923 3499 228 47 appointed

170 3561 181 38 Director
375 3557 44 39 of
443 3559 176 38 Welfare
644 3559 52 46 by
721 3559 58 38 his
805 3557 176 47 brother,
1008 3561 146 44 Mayor

169 3622 101 43 Jerry
306 3617 151 47 Bouley
488 3613 46 44 of
565 3617 296 47 Woonsocket,
896 3616 113 41 there
1047 3616 106 39 have

170 3676 102 41 been
298 3676 198 41 dramatic
523 3676 181 47 changes
729 3676 123 43 made
879 3677 35 36 in
940 3674 69 41 the
1039 3677 113 44 city's
1172 3669 6 54 1

169 3735 162 38 welfare
361 3734 142 39 office.
534 3735 106 46 Greg
671 3734 186 47 Bouley's
890 3740 71 41 pet
995 3735 159 46 project

170 3794 69 39 has
266 3794 113 43 been,
398 3792 71 39 the
498 3795 227 36 institution
754 3792 44 38 of
827 3805 22 27 a
874 3791 121 39 Work
1027 3791 128 39 Relief

172 3855 195 46 Program,
392 3850 69 41 the
491 3850 98 49 only
619 3865 82 27 one
731 3850 44 39 of
806 3854 47 38 its
885 3850 93 39 kind
1014 3852 36 38 in
1082 3849 71 41 the

169 3918 117 35 state.
306 3913 28 38 It
351 3913 28 38 is
397 3909 195 49 basically
609 3923 49 27 an
680 3912 206 38 incentive
906 3921 186 36 program
1113 3910 36 38 in

167 3970 134 39 which
326 3983 49 25 an
406 3969 265 39 able-bodied
698 3967 165 39 welfare
891 3969 128 38 client
1046 3973 109 33 must

167 4028 109 39 work
331 4028 63 38 for
449 4027 74 41 the
580 4030 225 36 assistance
863 4025 71 39 the
994 4038 161 36 agency

167 4085 205 50 provides,
416 4085 79 41 and
546 4088 35 36 in
633 4091 132 33 return
816 4087 184 38 receives
1044 4091 112 33 extra

167 4157 154 36 money
345 4157 41 27 as
411 4157 25 25 a
461 4143 350 47 bonususually
839 4145 244 46 amounting
1109 4150 46 31 to

167 4205 129 39 about
323 4209 69 33 ten
419 4202 164 39 dollars.

220 4261 83 39 The
321 4274 184 35 program
528 4260 72 39 has
619 4260 104 39 been
746 4258 148 49 widely
915 4258 238 49 applauded

170 4320 50 50 by
236 4320 72 41 the
331 4318 198 41 residents
550 4318 44 39 of
614 4318 283 39 Woonsocket
917 4320 129 44 since,
1066 4329 44 28 as
1132 4329 20 27 a

169 4378 129 44 direct
320 4378 121 39 result
461 4378 44 38 of
526 4376 77 39 this
627 4378 172 47 project,
817 4376 71 39 the
913 4376 175 38 number
1110 4375 43 39 of

172 4439 216 46 recipients
447 4447 52 27 on
564 4435 71 39 the
696 4435 165 39 welfare
924 4433 93 41 rolls
1082 4435 71 39 has

170 4493 222 43 decreased
409 4491 296 50 substantially.
723 4494 128 46 Many
866 4491 198 41 residents
1083 4506 69 35 say

170 4553 87 43 that
285 4553 98 47 they
409 4553 139 39 would
583 4553 76 38 like
688 4559 43 31 to
761 4564 71 27 see
861 4553 106 46 Greg
1002 4551 151 47 Bouley

172 4614 183 39 institute
380 4611 79 39 this
487 4611 93 47 plan
609 4624 52 25 on
691 4622 24 27 a
740 4609 217 39 statewide
984 4609 120 39 basis.

224 4674 74 36 But
331 4669 183 49 Bouley's
543 4668 121 41 Work
699 4668 128 41 Relief
861 4671 183 46 Program
1082 4668 71 39 has

172 4735 72 35 not
290 4726 198 43 achieved
540 4728 198 41 universal
791 4731 131 46 praise
973 4726 52 49 by
1076 4739 77 36 any

172 4800 151 27 means.
345 4789 38 38 In
402 4787 227 46 pressuring
644 4786 69 39 the
731 4786 271 39 caseworkers
1019 4791 43 33 to
1080 4791 72 43 put

1205 4447 113 27 more
1348 4447 143 27 names
1523 4447 52 27 on
1608 4433 71 41 the
1707 4433 112 44 wopk
1849 4431 115 41 relief
1994 4444 200 36 program,

1203 4493 241 49 employee
1504 4491 169 41 morale
1729 4491 87 41 and
1874 4491 76 39 the
2009 4490 184 39 welfare

1205 4554 231 46 recipient's
1471 4551 252 39 confidence
1757 4553 36 36 in
1828 4551 72 38 the
1934 4556 151 41 system
2123 4550 71 38 has

1203 4611 167 39 eroded.
1389 4613 52 36 As
1457 4622 83 27 one
1553 4609 257 39 caseworker
1825 4614 72 43 put
1918 4611 39 46 it,
2139 4608 55 39 do

1203 4682 80 36 you
1304 4669 55 39 do
1376 4668 96 41 with
1494 4682 22 27 a
1535 4668 247 49 59-year-old
1805 4680 93 27 man
1915 4666 98 41 who
2035 4666 79 39 lost
2134 4665 60 41 his

1203 4728 69 49 job
1290 4728 79 41 and
1387 4726 72 43 has
1479 4740 55 27 no
1554 4729 184 38 income?
1761 4729 63 36 Do
1839 4739 83 35 you
1943 4732 74 43 put
2036 4726 82 38 him
2139 4737 54 27 on

1203 4786 109 39 work
1329 4786 115 46 rejief
1460 4786 80 39 and
1562 4784 120 41 make
1701 4784 82 39 him
1802 4797 54 35 go
1874 4789 74 35 out
1965 4783 82 41 and
2068 4786 126 44 swing

2263 4443 24 27 a
2307 4436 142 35 shovel
2472 4436 82 35 and
2575 4435 57 38 do
2654 4436 88 36 that
2762 4439 98 43 type
2880 4433 44 39 of
2948 4435 164 39 manual
3140 4435 113 39 labor

2261 4488 63 39 for
2343 4501 22 27 a
2383 4488 80 39 few
2480 4490 151 39 dollars
2650 4502 71 36 per
2739 4491 132 39 week?
2891 4493 72 39 Yet
2983 4506 63 27 we
3068 4506 124 36 argue
3213 4501 41 33 at

2261 4546 98 41 staff
2405 4551 203 44 meetings
2650 4550 98 38 with
2794 4550 71 41 the
2909 4551 180 38 director
3131 4565 123 35 every

2265 4605 135 50 Friday
2425 4605 129 43 about
2580 4611 208 36 instances
2811 4611 80 46 just
2920 4609 77 39 like
3024 4609 80 39 this

2313 4665 83 39 The
2433 4668 142 36 Morris
2617 4677 96 28 case
2751 4666 257 50 exemplifies
3049 4668 93 41 how
3181 4668 71 43 the

2261 4724 283 39 Woonsocket
2570 4724 120 39 Work
2721 4726 128 38 Relief
2879 4728 183 47 Program
3091 4739 77 27 can
3198 4740 54 35 go

2260 4794 150 36 wrong.
2463 4781 154 49 Bouley
2666 4783 143 39 claims
2855 4783 91 41 that
2997 4784 101 39 until
3151 4786 101 39 mid-

3328 1206 198 49 October,
3550 1206 52 41 he
3625 1220 82 27 was
3734 1214 72 33 not
3830 1222 131 25 aware
3984 1209 44 38 of
4052 1209 91 47 why
4170 1213 142 36 Morris

3328 1279 82 27 was
3441 1265 161 41 refused
3636 1266 176 39 welfare.
3850 1266 169 47 (Russell
4055 1269 154 38 Morris'
4244 1268 68 39 file

3326 1335 83 28 was
3431 1326 167 46 missing
3619 1324 104 39 from
3746 1324 69 39 the
3836 1324 129 39 office
3986 1332 83 33 two
4090 1326 99 47 days
4211 1326 101 39 after

3329 1381 58 41 his
3409 1381 124 41 death
3557 1383 79 39 and
3658 1395 82 27 was
3765 1389 71 33 not
3857 1383 131 41 found
4013 1384 80 39 and
4121 1384 191 47 replaced

3329 1441 98 41 until
3455 1447 83 35 two
3564 1441 135 41 weeks
3731 1443 128 47 later.)

3378 1499 131 39 When
3553 1501 249 47 questioned
3844 1501 167 47 further,
4054 1501 154 49 Bouley
4252 1515 41 27 ex-

3329 1557 162 47 plained
3517 1557 90 39 that
3628 1572 85 25 one
3737 1559 44 38 of
3803 1559 71 38 the
3899 1572 164 27 reasons
4088 1561 63 38 for
4175 1561 135 38 denial

3324 1628 83 27 was
3447 1616 88 41 that
3576 1620 143 36 Morris
3762 1617 68 39 did
3876 1624 72 33 not
3989 1617 213 47 complete
4243 1619 69 38 the

3328 1674 243 49 mandatory
3587 1677 216 46 screening
3820 1674 118 41 form.
3959 1677 71 39 Yet
4046 1676 72 41 the
4135 1676 176 41 director

3326 1734 200 39 admitted
3548 1734 91 39 that
3661 1735 27 38 it
3712 1737 28 36 is
3761 1734 72 39 the
3855 1735 301 47 responsibility
4176 1735 44 38 of
4243 1735 69 39 the

3326 1792 128 38 social
3488 1792 156 38 worker
3679 1797 44 35 to
3759 1795 118 36 assist
3912 1792 71 39 the
4020 1794 214 47 applicant
4274 1795 35 36 in

3326 1850 255 49 completing
3608 1850 71 41 the
3706 1850 118 39 form.

3381 1909 150 41 Russell
3561 1912 145 38 Morris
3731 1923 83 27 was
3844 1917 71 33 not
3940 1909 71 41 the
4038 1910 98 49 only
4164 1923 145 36 person

3323 1969 96 39 who
3454 1969 76 39 felt
3562 1969 72 39 the
3672 1972 107 46 sting
3817 1969 44 39 of
3902 1970 183 39 Director
4126 1970 186 47 Bouley's

3328 2027 183 39 hardline
3557 2027 209 49 approach
3817 2035 44 31 to
3910 2030 186 46 granting
4146 2028 162 47 general

3326 2085 139 49 public
3488 2088 225 38 assistance
3737 2091 46 35 to
3808 2099 167 36 persons
3998 2087 178 39 deemed
4203 2087 88 39 able-

3328 2145 164 39 bodied.
3513 2145 233 49 According
3764 2153 44 31 to
3827 2157 22 27 a
3869 2145 88 39 well
3983 2145 148 49 placed
4151 2157 161 35 source,

3313 2205 115 39 there
3443 2205 104 36 have
3556 2203 106 41 been
3682 2209 41 35 at
3742 2205 102 39 least
3861 2206 82 36 two
3964 2205 118 39 other
4106 2206 205 38 instances

3323 2261 137 39 where
3487 2261 165 39 welfare
3679 2265 219 44 recipients
3924 2274 107 27 were
4061 2263 156 38 thrown
4249 2263 63 38 off

3323 2320 72 41 the
3419 2320 164 41 welfare
3609 2320 93 41 rolls
3726 2323 115 38 since
3868 2320 151 50 Bouley
4043 2321 99 39 took
4165 2320 142 41 office.

3323 2381 96 41 One
3444 2392 83 27 was
3556 2392 22 27 a
3606 2378 247 49 57-year-old
3882 2392 110 35 man,
4017 2380 112 41 blind
4161 2383 36 36 in
4228 2392 83 28 one

3324 2450 90 35 eye,
3438 2438 94 39 who
3561 2438 180 39 suffered
3770 2438 173 49 through
3975 2450 25 27 a
4028 2438 79 39 bad
4140 2450 96 27 case
4268 2439 44 38 of

3324 2496 113 47 polio
3474 2496 134 39 which
3647 2496 72 39 left
3757 2496 80 39 him
3876 2496 94 39 with
4011 2509 24 27 a
4074 2496 238 39 noticeable

3326 2554 110 47 limp.
3474 2554 83 39 The
3594 2567 93 27 man
3729 2554 88 39 also
3857 2554 79 39 had
3975 2567 25 28 a
4039 2554 94 49 long
4175 2556 135 47 police

3324 2613 156 47 record,
3506 2613 209 49 including
3745 2613 304 49 manslaughter
4077 2627 41 25 as
4148 2613 60 39 his
4236 2613 76 41 last

3324 2671 175 39 offense.
3531 2674 61 36 He
3619 2671 72 39 has
3721 2683 47 27 an
3802 2672 277 47 unemployed
4107 2672 94 38 wife
4230 2672 79 39 and

3323 2735 83 35 two
3433 2729 195 41 children,

3376 2787 183 41 Another
3576 2800 98 28 case
3693 2787 44 39 of
3754 2802 22 27 a
3797 2802 145 35 person
3965 2787 161 41 refused
4145 2789 165 39 welfare

3326 2847 181 38 involves
3531 2858 22 27 a
3573 2847 249 46 60-year-old
3844 2847 69 39 old
3935 2860 162 27 woman
4123 2847 186 39 afflicted

3323 2904 94 39 with
3458 2904 186 47 arthritis,
3687 2904 263 41 rheumatism
3995 2906 80 39 and
4120 2906 189 39 stomach

3324 2962 219 47 problems.
3569 2962 77 41 She
3666 2976 82 27 was
3772 2964 85 39 told
3879 2964 90 39 that
3989 2964 72 39 she
4085 2962 79 41 had
4189 2970 44 33 to
4257 2978 54 35 go

3324 3022 102 38 back
3454 3028 43 33 to
3520 3022 109 39 work
3654 3022 104 39 after
3783 3022 82 39 five
3891 3036 115 33 years
4035 3022 44 39 of
4106 3022 121 49 being
4254 3036 54 25 on

3323 3080 69 39 the
3414 3082 99 38 GPA
3540 3080 115 39 roles.
3685 3080 77 39 She
3787 3093 66 27 ran
3880 3093 43 27 as
3948 3094 50 25 an
4027 3082 285 47 independent

3323 3139 61 39 for
3408 3139 71 39 the
3506 3140 283 39 Woonsocket
3816 3139 87 49 City
3931 3140 170 39 Council
4131 3142 79 39 and
4241 3142 69 38 her

3323 3197 164 41 brother
3513 3197 69 41 has
3609 3211 69 27 run
3706 3197 61 41 for
3792 3202 153 44 Mayor.
3975 3198 110 49 They
4112 3213 66 25 are
4206 3198 99 41 both

3323 3257 146 38 known
3513 3258 134 36 critics
3688 3257 46 38 of
3775 3257 69 39 the
3888 3260 112 44 city's
4044 3260 261 38 Democratic

3324 3318 123 44 Party.

3375 3373 583 49 Accordingtcawell-placed
3975 3387 161 35 source,
4156 3375 151 49 Bouley

3321 3431 87 39 also
3447 3439 91 31 sent
3580 3431 134 39 letters
3757 3439 72 33 out
3872 3446 52 27 on
3969 3433 142 41 Office
4151 3433 46 39 of
4238 3433 69 41 the

3323 3491 195 44 Director,
3540 3491 285 39 Woonsocket
3849 3491 140 39 G.P.A.
4016 3494 224 46 stationery
4263 3499 44 31 to

3323 3550 150 46 people
3496 3550 94 38 who
3619 3550 79 38 had
3729 3550 104 38 been
3863 3551 162 38 refused
4054 3553 140 36 G.P.A.
4227 3553 79 36 and

3321 3606 80 39 had
3433 3606 123 41 asked
3587 3606 63 41 for
3679 3620 50 27 an
3762 3608 146 49 appeal
3943 3608 219 49 informing
4192 3608 112 39 them

3320 3665 90 39 that
3436 3665 104 41 their
3570 3677 96 28 case
3698 3679 83 27 was
3817 3674 71 31 not
3921 3666 258 47 appealable.
4216 3666 90 41 This

3320 3723 299 49 extraordinary
3636 3726 137 38 action
3795 3737 93 27 runs
3906 3732 173 33 counter
4096 3732 44 31 to
4159 3739 22 25 a
4200 3732 106 33 state

3323 3781 71 41 law
3424 3781 134 41 which
3591 3783 214 47 stipulates
3836 3783 90 39 that
3959 3795 112 35 upon
4106 3783 113 49 filing
4254 3795 49 27 an

3320 3841 146 47 appeal
3482 3841 96 41 with
3595 3841 71 41 the
3682 3843 156 47 G.P.A.,
3852 3841 88 41 that
3957 3843 148 49 appeal
4126 3849 109 33 must
4254 3843 52 39 be

3321 3899 123 41 heard
3471 3901 139 39 within
3639 3902 52 38 90
3715 3901 112 49 days.

3372 3959 101 46 John
3512 3959 299 47 Wenckelium,
3852 3961 106 38 Food
4002 3962 140 46 Stamp
4183 3962 99 38 Coor-

3320 4017 161 39 dinator
3504 4017 61 39 for
3594 4019 146 38 Health
3770 4020 194 44 Services,
3994 4022 77 35 Inc.
4102 4019 85 39 said
4217 4019 88 39 that

3318 4074 69 41 the
3446 4076 178 41 Welfare
3685 4079 269 47 Department
4016 4077 69 41 has
4148 4082 154 36 certain

3317 4134 250 49 obligations
3602 4142 46 33 to
3685 4135 94 47 help
3817 4135 150 49 people
4009 4139 35 36 in
4088 4135 118 41 need.
4247 4135 58 41 Of

3320 4194 151 38 Russell
3494 4195 142 36 Morris
3661 4192 50 39 he
3732 4194 102 47 said,
4002 4206 83 27 was
4106 4208 24 25 a
4156 4206 145 36 person

3317 4250 173 41 without
3507 4250 118 49 food,
3641 4252 151 39 shelter
3811 4265 46 27 or
3879 4254 175 38 medical
4077 4257 227 36 assistance

3318 4309 79 41 and
3425 4323 54 27 no
3506 4313 165 38 income
3696 4318 39 33 at
3761 4310 63 41 all.
3854 4313 58 38 He
3937 4310 79 41 had
4043 4312 194 39 nowhere
4260 4318 44 35 to

3315 4375 106 39 turn,
3449 4381 47 27 so
3526 4369 52 39 he
3608 4370 146 39 turned
3784 4376 44 33 to
3858 4370 71 39 the
3957 4376 107 33 state
4094 4370 80 41 and
4206 4370 98 49 they

3317 4427 162 39 refused
3504 4433 44 33 to
3575 4427 106 47 help.
3709 4430 31 36 It
3765 4441 83 27 was
3877 4430 154 38 Morris'
4061 4428 74 39 last
4164 4436 135 31 resort.

3318 4488 58 38 He
3392 4499 80 27 was
3491 4491 72 35 not
3580 4485 175 50 capable
3770 4487 44 39 of
3828 4490 189 46 securing
4033 4487 79 39 and
4134 4487 170 49 holding

3367 4605 145 38 Morris
3524 4616 83 27 was
3627 4611 71 31 not
3713 4617 91 25 new
3819 4611 44 31 to
3880 4605 71 39 the
3972 4606 269 46 Department
4258 4605 44 38 of

3313 4661 178 39 Welfare
3509 4665 35 36 in
3561 4661 296 39 Woonsocket.
3877 4663 145 47 Nearly
4036 4676 208 35 everyone
4263 4665 36 36 in

3313 4720 71 39 the
3405 4720 131 41 office
3557 4720 117 41 knew
3696 4720 96 39 him.
3819 4723 121 38 Since
3965 4721 58 39 his
4047 4724 137 36 senior
4208 4734 94 36 year

3315 4784 43 33 at
3375 4778 285 41 Woonsocket
3682 4778 101 47 High
3808 4778 164 47 School,
3994 4783 36 36 in
4057 4781 99 38 1972
4180 4778 118 41 when

1683 3907 280 76 Morris
1995 3901 165 83 had
2186 3904 384 82 nowhere
2600 3921 87 65 to
2715 3921 173 66 turn
2921 3934 94 52 so
3046 3906 104 80 he

1217 4024 288 79 turned
1531 4039 85 65 to
1646 4024 137 80 the
1809 4041 214 65 state
2050 4027 169 79 and
2244 4027 194 98 they
2463 4027 331 82 refused
2819 4044 87 65 to
2935 4028 213 96 help.
3191 4033 57 74 It

1219 4172 156 52 was
1428 4145 117 79 his
1598 4146 150 80 last

183 6357 183 38 Director
380 6356 44 39 of
436 6356 178 39 Welfare
628 6359 181 46 Gregory
825 6357 154 47 Bouley
995 6357 170 49 looking
1178 6370 101 27 over
1288 6361 74 35 the
1375 6356 167 39 welfare
1557 6354 106 41 rolls.

4263 6176 36 146 bruce
4266 5920 35 230 mcintyre

173 6449 142 36 FRESH
346 6449 139 36 FRUIT

189 6491 28 11 '..
227 6501 9 2 t
280 6501 13 2 a
365 6501 13 2 *.
389 6493 17 9 'i
416 6496 14 6 t

2150 6428 151 99 4

3874 6452 231 41 December
4131 6455 38 44 5,
4192 6454 104 38 1976
