4386 6616
3718 0 488 36 Nitelife

36 71 598 197 Trinity
724 68 446 153 Does
1255 41 891 176 Steinbeck
2213 52 586 173 Justice

36 339 55 39 Of
140 340 110 38 Mice
298 339 94 39 And
443 342 96 36 Men
592 339 50 49 by
696 339 101 46 John

36 395 227 41 Steinbeck.
313 395 191 41 Directed
550 395 52 49 by
649 395 146 41 Adrian

36 455 99 39 Hall.
192 455 244 38 Production
491 455 198 49 designed
746 455 52 49 by

36 517 156 44 Eugene
227 517 87 36 Lee.
350 513 80 39 The
463 517 146 44 Trinity
646 515 153 47 Square

36 575 238 46 Repertory
318 573 247 47 Company.
616 572 183 41 Lederer

35 630 198 41 Theatre.
299 630 255 41 November
619 633 49 38 19
729 630 69 41 thr

35 702 22 24 u
143 688 239 38 December.

195 825 82 35 guy
291 824 101 35 goes
411 817 94 33 nuts
523 809 31 39 if
572 808 52 39 he
641 808 98 41 ain't

71 880 71 43 got
169 869 181 49 nobody.
381 871 123 38 Don't
532 866 121 41 make
683 879 57 27 no

72 929 228 41 difference
315 926 94 41 who
425 928 28 39 it
469 928 30 38 is
517 939 46 27 as
583 926 96 46 long
696 935 44 28 as

74 987 83 43 he's
173 987 93 41 with
287 998 90 36 you.
402 987 9 38 I
431 984 69 41 tell
523 997 77 36 you
619 995 22 28 a
658 995 83 36 guy

71 1055 88 39 gets
197 1055 72 30 too
306 1043 205 49 lonely...
510 1043 72 39 And
619 1055 123 33 every

74 1106 123 39 damn
225 1117 82 27 one
337 1102 47 41 of
411 1101 112 43 them
557 1101 28 39 is
616 1109 72 39 got
717 1112 22 27 a

77 1162 99 43 little
213 1162 121 47 piece
373 1161 46 39 of
461 1159 96 39 land
600 1161 36 38 in
680 1157 61 39 his

76 1220 118 41 head.
227 1220 93 39 And
348 1230 123 28 never
502 1230 22 27 a
557 1216 183 49 goddam

76 1291 82 27 one
183 1279 46 39 of
260 1280 74 38 'em
364 1285 90 41 gets
485 1277 39 39 it.
556 1276 80 46 Jus'
665 1274 79 39 like

79 1339 169 39 heaven.
285 1334 235 50 Everybody
556 1342 128 31 wants
720 1345 20 27 a

79 1395 99 41 little
203 1395 121 47 piece
351 1394 47 39 of
424 1391 109 41 land.
565 1389 180 50 Nobody

79 1466 121 27 never
238 1460 69 41 get
350 1460 43 31 to
436 1450 173 41 heaven.
652 1447 93 41 And

79 1512 169 49 nobody
296 1518 91 41 gets
444 1523 55 27 no

77 1570 181 50 [Crooks,
276 1570 65 41 OF
354 1570 120 39 MICE
490 1570 112 38 AND
619 1569 128 46 MEN]

87 1735 246 46 Thirty-nine
386 1743 115 35 years
557 1740 79 36 ago
696 1726 101 44 John

36 1792 217 43 Steinbeck
274 1783 205 47 delivered
502 1787 90 41 that
613 1795 189 36 message

35 1849 35 36 in
96 1846 60 38 his
180 1846 91 47 play
296 1844 58 39 Of
376 1844 110 38 Mice
509 1843 93 39 And
628 1846 96 36 Men
754 1850 39 31 at

36 1910 69 41 the
139 1912 132 36 Music
307 1909 79 38 Box
419 1906 170 38 Theatre
627 1906 35 36 in
704 1904 98 36 New

36 1970 99 38 York
192 1970 98 44 City.
351 1965 146 46 Trinity
557 1962 153 47 Square
773 1961 28 38 is

38 2025 200 49 currently
271 2025 148 47 paying
452 2020 150 41 tribute
635 2025 44 33 to
715 2017 88 39 that

38 2085 93 49 play
156 2091 41 33 at
219 2082 69 41 the
318 2082 164 39 Lederer
509 2079 170 39 Theatre
707 2076 96 39 here

41 2146 38 36 in
126 2140 290 41 Providence.
460 2137 94 41 And
602 2135 202 46 Trinity's

41 2202 244 47 production
318 2202 31 36 is
378 2197 49 43 all
461 2195 91 41 that
584 2191 220 44 Steinbeck

43 2258 121 43 could
187 2258 109 39 -have
321 2255 178 41 wanted.

93 2318 82 41 The
206 2318 87 47 plot
323 2318 30 36 is
383 2310 307 44 old-fashioned
724 2309 80 41 and

44 2373 381 44 straishtforward-a
444 2370 88 47 sad,
554 2370 146 47 simple
715 2369 91 39 Tale

43 4050 43 39 of
110 4050 71 41 the
209 4052 219 39 loneliness
460 4052 80 41 and
572 4052 161 39 dreams
762 4052 44 39 of

43 4112 172 46 migrant
227 4109 173 41 workers
417 4112 36 38 in
471 4109 233 43 California.
724 4110 82 41 The

41 4173 109 41 story
209 4169 181 39 involves
450 4180 22 28 a
534 4169 126 49 rough
724 4169 80 41 and

43 4225 178 49 raunchy
254 4225 228 49 farmhand,
515 4228 173 46 George,
724 4228 80 38 and

43 4283 57 41 his
124 4283 263 49 enormously
417 4283 387 49 lovable/retarded

41 4343 151 47 buddy,
236 4345 142 46 Lenny.
427 4345 28 38 It
499 4345 28 38 is
570 4343 85 39 sad.
704 4346 28 36 It
776 4346 28 36 is

41 4405 178 44 moving.
261 4405 72 36 But
375 4408 107 33 most
520 4402 46 39 of
603 4402 66 47 all,
709 4405 27 38 it
776 4405 28 36 is

41 4460 213 41 beautiful.
299 4463 181 38 Director
523 4461 148 39 Adrian
718 4461 85 39 Hall

39 4518 101 39 does
169 4532 50 25 an
247 4518 150 41 almost
422 4518 176 41 flawless
627 4518 80 49 job.

93 4580 178 36 Norman
306 4578 128 39 Smith
471 4591 43 27 as
550 4578 69 39 the-

324 4639 134 44 Lenny
502 4639 28 35 is
573 4636 233 49 absolutely

41 4694 266 41 marvelous.
367 4698 72 38 His
543 4694 137 41 dumb
739 4709 46 27 ex-

39 4754 216 46 pressions,
277 4753 58 41 his
359 4753 107 49 large
488 4753 129 50 shape
638 4753 80 41 and
745 4753 60 41 his

39 4811 216 39 childlike
323 4825 184 27 manner
575 4816 83 36 win
729 4813 77 39 the

39 4871 225 38 audience
313 4871 104 39 with
471 4874 183 39 Lenny's
709 4872 98 38 first

35 4928 175 43 stumble
227 4940 54 27 on
302 4932 124 41 stage.
450 4926 72 36 We
546 4921 249 41 understand

38 4987 91 49 why
145 4989 161 47 George
320 4987 121 41 sticks
458 4987 52 49 by
526 4987 82 41 him
627 4987 175 50 through

43 5049 27 35 it
96 5047 77 36 all..

921 323 164 47 George
1102 326 30 35 is
1148 320 228 49 ultimately
1391 320 71 41 the
1479 320 99 41 hero
1595 320 44 39 of

869 383 79 39 this
989 383 348 47 drama—having
1378 387 46 33 to
1465 380 66 39 kill
1578 378 60 39 his

868 439 131 36 friend
1050 439 36 36 in
1135 438 118 38 order
1301 443 44 33 to
1392 449 99 27 save
1540 436 96 38 him.

866 494 176 41 William
1061 494 276 41 Damkoehler
1351 494 137 41 shows
1504 509 46 27 us
1567 494 72 41 the.

868 553 197 49 struggle
1112 553 153 39 within
1318 554 195 47 George,
1562 553 77 39 the

866 613 178 47 struggle
1079 611 189 41 between
1312 611 328 49 independently

866 674 165 44 striving
1046 669 176 39 towards
1239 669 58 39 his
1318 669 140 39 dream
1479 669 44 39 of
1543 669 93 39 land

866 728 80 41 and
1009 731 227 46 remaining
1299 728 104 49 loyal
1469 735 46 33 to
1578 728 58 39 his

868 787 178 49 helpless
1061 787 143 39 friend.
1227 787 123 39 What
1367 789 30 38 is
1419 787 161 49 lacking
1600 789 36 38 in

868 846 60 41 his
950 847 200 47 portrayal
1176 849 28 36 is
1227 847 71 38 the
1320 846 225 47 seediness,
1567 846 71 39 the

871 912 225 47 emptiness
1157 906 44 39 of
1258 904 74 39 the
1391 898 249 44 farmhand's

866 965 222 38 existence.
1121 965 58 38 He
1209 965 28 36 is
1266 970 74 35 not
1367 975 43 27 as
1436 970 90 31 torn
1557 961 79 41 and

868 1022 123 44 bitter
1008 1039 44 25 as
1074 1022 50 43 he
1148 1022 146 43 should
1318 1022 54 39 be
1394 1025 36 35 in
1454 1020 69 39 the
1543 1019 96 39 face

866 1080 44 38 of
937 1079 101 39 such
1068 1093 22 25 a
1120 1080 80 38 life.

918 1137 83 41 The
1025 1137 77 41 real
1126 1151 93 35 gem
1241 1137 46 39 of
1309 1137 71 41 the
1403 1140 180 46 evening
1609 1140 28 36 is

868 1195 129 41 David
1017 1197 41 39 C.
1082 1198 120 43 Jones
1225 1195 165 49 playing
1409 1195 156 47 Candy.
1587 1198 33 36 A

868 1257 194 44 maimed,
1098 1255 104 38 tired
1243 1255 80 38 and
1365 1254 135 47 lonely
1540 1266 94 27 man

857 1312 96 41 with
1003 1326 24 25 a
1074 1309 145 47 smelly
1265 1307 96 47 dog,
1409 1312 142 49 Candy
1608 1315 28 36 is

865 1370 176 49 fighting
1087 1370 96 39 hard
1228 1376 44 33 to
1320 1370 96 39 hold
1461 1378 106 33 onto
1616 1383 22 27 a

865 1428 154 39 dream.
1036 1428 208 49 Although
1261 1428 71 39 the
1350 1430 83 47 dog
1452 1428 186 39 couldn't

866 1494 170 41 capture
1066 1487 72 39 the
1167 1487 191 41 essential
1392 1487 169 49 tragedy
1592 1488 46 38 of

868 1546 178 47 growing
1090 1543 85 47 old,
1219 1546 72 36 Mr.
1340 1545 120 43 Jones
1506 1543 132 49 surely

865 1605 154 39 could.
1074 1608 31 36 A
1161 1605 115 49 truly
1332 1605 154 43 stellar
1543 1619 71 35 per-

865 1663 227 39 formance.

920 1724 115 36 Peter
1077 1724 150 46 Gerety
1272 1735 43 25 as
1361 1721 159 49 Curley,
1565 1721 71 41 the

863 1783 124 47 short,
1030 1783 121 49 fiesty
1195 1786 172 36 owner's
1411 1795 76 27 son
1534 1780 98 43 with

863 1857 24 25 a
932 1841 499 49 macho-possessiveness
1479 1839 44 39 of
1573 1839 60 39 his

863 1896 219 41 flirtatious
1117 1898 109 47 wife,
1260 1898 69 39 did
1367 1909 24 28 a
1425 1898 87 39 fine
1550 1896 83 49 job.

865 1957 69 38 His
946 1954 252 50 wifeiplayed
1219 1954 52 49 by
1288 1957 117 38 Mina
1422 1957 214 46 Manente,

865 2013 203 49 however,
1080 2013 69 41 fell
1167 2020 74 36 too
1255 2013 117 41 often
1394 2016 87 38 into
1499 2013 137 41 cliche

863 2083 43 27 as
961 2072 74 39 she
1088 2072 274 47 suggestively
1419 2072 216 49 displayed

865 2129 150 41 herself
1033 2129 129 43 about
1178 2129 72 41 the
1269 2129 260 41 bunkhouse.
1553 2129 83 41 The

861 2187 143 50 earthy
1031 2187 227 49 sunsuality
1287 2187 80 41 and
1397 2187 169 50 longing
1592 2187 44 41 of

861 2247 178 49 Curley's
1061 2247 96 39 wife
1181 2260 82 27 was
1288 2249 169 47 missing
1480 2260 44 27 as
1551 2260 83 27 was

861 2306 71 39 the
953 2306 283 47 deep-seeded
1260 2306 217 39 bitterness
1498 2306 47 39 of
1564 2306 71 39 the

863 2362 121 43 black
1009 2364 231 41 farmhand'
1266 2364 169 47 Crooks,
1485 2364 148 47 played

876 4050 50 49 by
950 4050 50 39 Ed
1025 4049 99 41 Hall.
1150 4047 165 49 Crooks,
1331 4047 162 41 treated
1521 4047 79 39 like
1625 4060 22 27 a

877 4109 109 47 leper
1009 4109 180 39 because
1213 4107 46 39 of
1280 4107 71 39 the
1376 4107 117 39 color
1517 4107 46 39 of
1586 4107 60 39 his

874 4167 101 46 skin,
1003 4178 83 27 was
1115 4172 76 33 too
1224 4164 304 50 philosophical
1565 4164 79 41 and

876 4225 178 49 preachy
1074 4224 118 41 when
1220 4224 52 41 he
1296 4224 217 39 should've
1540 4222 104 41 been

876 4287 79 44 just
983 4283 107 47 plain
1121 4296 132 27 mean.

928 4342 90 39 The
1148 4342 294 47 production.
1557 4353 88 27 was

877 4400 345 49 magnificently
1294 4398 220 49 designed
1592 4397 55 50 by

879 4461 159 46 Eugene
1061 4461 85 36 Lee.
1170 4461 31 36 A
1225 4457 167 49 painted
1420 4457 227 49 landscape

874 4515 44 39 of
948 4513 71 41 the
1047 4513 222 39 California
1299 4512 90 41 hills
1419 4526 104 35 gave
1554 4526 90 35 way

876 4584 44 31 to
950 4589 24 27 a
1003 4576 260 46 bunkhouse,
1290 4575 99 39 then
1424 4587 20 27 a
1477 4575 172 47 hayloft,

874 4635 96 39 with
1027 4633 252 41 remarkable
1334 4633 173 41 realism.
1565 4633 82 41 The

876 4693 293 41 effectiveness
1197 4691 46 41 of
1268 4691 71 41 the
1367 4691 172 49 lighting
1565 4704 80 27 was

877 4753 87 39 also
1000 4754 202 46 amazing.
1241 4751 109 41 With
1387 4764 22 27 a
1449 4751 198 49 dappling

876 4813 145 38 effect
1088 4813 257 46 conveying
1414 4822 22 27 a
1506 4809 142 47 shady

876 4869 213 39 riverbank
1109 4869 80 39 and
1216 4882 22 27 a
1263 4868 186 49 mystical
1476 4868 173 49 twilight

876 4942 54 27 on
954 4928 72 41 the
1054 4928 139 47 ranch,
1217 4940 61 27 we
1307 4926 191 41 believed
1526 4940 121 33 every

877 4994 189 33 moment
1090 4986 46 39 of
1165 4989 38 36 it.

932 5047 200 38 Because
1197 5044 181 39 illusion
1443 5057 90 27 was
1598 5057 50 25 so

1720 310 219 50 skillfully
2016 310 186 41 created
2282 313 39 36 in
2403 310 88 41 this

1713 365 261 47 production,
2027 369 8 35 I
2088 364 109 41 have
2249 365 98 47 only
2400 378 82 30 one

1718 430 208 46 question.
1964 427 104 47 Why
2104 427 69 38 did
2209 427 150 38 Adrian
2403 425 87 39 Hall

1720 493 139 33 create
1871 485 72 41 the
1959 485 85 41 role
2060 485 44 39 of
2121 485 71 41 the
2211 487 198 39 narrator?
2433 487 58 38 He

1720 543 238 50 repeatedly
1975 543 222 47 destroyed
2219 543 71 39 the
2315 543 173 39 illusion.

1718 605 50 38 At
1786 603 71 39 the
1877 602 224 49 beginning
2120 602 80 39 and
2219 602 80 38 end
2321 602 44 38 of
2386 600 104 39 each

1718 660 46 41 of
1808 660 71 41 the
1923 663 57 36 six
2024 672 161 35 scenes,
2227 658 71 41 the
2348 663 123 46 guitar-

1718 721 244 46 strumming
2014 718 238 49 wandering
2309 718 180 39 minstrel

1718 776 176 49 stepped
1917 789 54 27 on
1994 783 115 43 stage
2131 784 44 31 to
2195 783 219 35 comment
2436 789 52 25 on

1720 835 254 41 Steinbeck's
2017 835 68 39 life
2126 847 46 27 or
2216 841 46 33 to
2306 839 88 43 sing
2439 847 49 27 an

2565 312 306 41 anachronistic
2899 326 115 35 song.

2622 373 28 36 It
2679 373 30 36 is
2737 383 43 27 as
2809 370 27 39 if
2863 370 71 39 the
2961 370 180 39 director
3167 370 69 39 did
3266 378 72 31 not

2564 436 110 31 want
2712 428 72 39 the
2822 428 206 39 audience
3071 436 44 31 to
3157 428 181 39 become

2562 487 304 49 emotionally
2913 487 211 39 involved
3175 490 38 36 in
3261 487 77 39 the

2565 545 283 49 storrytelling.
2890 548 74 38 But
2998 559 63 27 we
3098 546 126 39 could
3265 553 74 33 not

2570 598 94 49 help
2706 600 72 39 but
2817 602 52 39 be
2909 603 206 39 involved.
3157 605 181 47 Nothing

2565 663 123 38 could
2715 669 94 41 stop
2835 676 44 25 us
2906 663 102 38 from
3035 665 157 46 getting
3219 674 24 28 a
3271 663 68 47 big

2565 726 113 46 lump
2706 728 35 35 in
2767 735 74 27 our
2863 723 157 39 throats
3046 734 43 27 as
3115 720 71 41 the
3216 718 118 50 lights

2564 778 124 41 faded
2723 786 44 33 to
2802 778 120 41 black
2957 786 43 33 at
3035 778 71 41 the
3142 778 117 41 close
3293 778 46 41 of

2564 838 172 44 chapter
2762 846 93 31 two.

3463 309 30 41 If
3534 310 181 46 Trinity's
3757 318 323 36 season-opener
4123 304 58 41 Of

3408 370 110 36 Mice
3539 365 94 39 And
3654 369 96 36 Men
3794 369 30 36 is
3846 378 79 35 any
3951 364 225 41 indication

3408 425 44 39 of
3488 425 143 39 what's
3671 431 44 33 to
3754 436 137 33 come,
3928 436 63 25 we
4028 422 150 39 should

3409 498 170 36 prepare
3627 482 63 41 for
3737 482 96 47 only
3880 482 71 39 the
4002 482 90 38 best
4140 482 36 38 in

3408 542 172 41 theatre.
3602 542 80 39 The
3701 540 250 39 subscribers
3970 539 126 39 voted
4118 537 63 41 for

3409 613 22 27 a
3450 602 146 38 classic
3616 598 44 41 of
3677 598 72 41 the
3769 600 216 38 American
4009 595 172 41 Theatre

3409 660 79 39 and
3540 658 98 49 they
3691 665 72 41 got
3817 660 79 46 just
3950 657 90 39 that
4091 677 14 5 -
4157 668 22 27 a

3409 717 244 47 beautifully
3712 717 142 47 staged
3915 715 80 39 and
4058 713 120 41 acted

3409 776 162 39 revival.

3835 795 357 44 MAGEEHICKEY

50 5169 682 115 Arboretum

131 5323 233 44 Continued
391 5321 106 39 from
524 5321 104 44 Page
654 5318 25 35 2

55 5395 151 35 cheese
233 5394 169 36 mixture
431 5389 134 41 baked
598 5394 36 36 in
668 5403 22 27 a
723 5391 98 49 light

54 5447 74 41 filo
167 5447 154 50 dough,
364 5461 82 27 was
490 5447 205 43 excellent
740 5449 79 39 and

54 5507 142 39 served
222 5509 139 47 piping
386 5507 83 41 hot.
496 5509 109 46 Only
630 5507 98 39 here
750 5507 69 39 did

54 5565 69 39 the
157 5569 161 46 portion
353 5578 112 27 seem
498 5573 46 31 to
576 5565 52 39 be
661 5578 54 27 on
750 5565 71 39 the

54 5624 157 49 skimpy
238 5624 99 41 side.

109 5685 181 38 Desserts
315 5690 43 33 at
378 5682 71 41 the
472 5682 243 41 Arboretum
740 5694 79 28 can

54 5742 96 47 only
191 5740 52 41 be
279 5740 216 41 described
535 5753 41 28 as
620 5740 200 50 painfully

54 5800 214 39 delicious.
294 5800 80 39 The
403 5800 91 39 Irish
523 5800 142 39 coffee
691 5803 82 44 pie,
798 5813 22 27 a

55 5858 150 41 chilled
225 5857 194 52 whipped
443 5871 167 28 mousse
628 5857 131 52 filling
783 5861 36 38 in

131 5918 165 47 graham
353 5918 165 39 cracker
575 5924 107 33 crust
737 5931 83 27 was

54 5976 288 49 outrageously
392 5976 123 49 good.
572 5976 90 39 And
717 5976 104 39 after

52 6049 115 35 years
187 6035 44 39 of
252 6035 357 49 disappointment
627 6035 96 39 with
750 6035 69 39 the

54 6094 169 41 calibre
331 6093 47 41 of

54 6159 225 35 restaurant
324 6153 224 39 chocolate
597 6153 115 47 cake,
757 6165 61 27 we

54 6213 139 47 finally
244 6211 88 39 find
387 6224 22 27 a
463 6213 167 36 winner.
688 6213 131 36 We're

52 6271 150 47 willing
257 6277 46 31 to
359 6269 69 39 bet
483 6269 90 39 that
627 6269 71 41 the
756 6272 44 36 Ar-

55 6329 220 41 boretum's
309 6328 224 43 chocolate
567 6328 254 49 applesauce

882 5164 102 39 cake
1014 5165 30 38 is
1071 5175 83 27 one
1181 5161 44 41 of
1250 5161 72 41 the
1353 5161 164 49 richest,
1546 5167 109 35 most

880 5222 238 39 delectable
1175 5220 123 39 cakes
1351 5222 153 46 you've
1559 5231 96 28 ever

880 5280 151 47 tasted,
1055 5279 159 49 though
1241 5291 63 27 we
1332 5277 71 41 did
1433 5277 101 41 wish
1565 5277 90 41 that

882 5339 107 39 fresh
1031 5351 135 27 cream
1209 5350 83 28 was
1334 5335 102 43 used
1479 5335 63 41 for
1584 5335 69 41 the

880 5400 189 46 topping.
1091 5394 31 43 A
1145 5398 154 46 variety
1320 5395 46 39 of
1384 5402 104 43 teas,
1507 5395 148 47 coffes,

882 5455 80 41 and
1006 5455 184 39 assorted
1236 5455 178 47 liqueurs
1455 5466 68 28 are
1567 5454 87 39 also

883 5513 214 41 available.

935 5572 126 41 Table
1077 5575 157 36 service
1255 5578 41 33 at
1315 5570 72 41 the
1408 5570 246 41 Arboretum

885 5635 30 36 is
940 5630 217 49 unusually
1181 5630 98 47 fine;
1307 5643 77 27 our
1405 5630 142 39 waiter
1572 5641 82 27 was

883 5688 378 49 knowledgeable
1321 5688 87 39 and
1468 5688 186 39 seemed

883 5748 222 49 genuinely
1126 5746 170 49 pleased
1317 5753 46 35 to
1384 5750 118 38 assist
1526 5759 58 28 us.
1614 5748 39 38 In

883 5806 126 49 short,
1052 5805 71 43 the
1167 5805 135 41 whole
1346 5813 101 33 tone
1493 5805 46 41 of
1584 5805 71 41 the

885 5871 228 35 restaurant
1137 5866 30 38 is
1191 5877 83 27 one
1296 5863 46 41 of
1365 5863 183 41 comfort
1573 5863 80 46 and

883 5926 299 46 graciousness.
1205 5926 80 36 We
1313 5935 76 27 can
1419 5921 98 49 only
1545 5921 110 49 hope

883 5983 91 39 that
995 5983 165 39 dinners
1184 5981 77 41 wiJI
1288 5981 52 41 be
1367 5980 145 41 served
1540 5980 117 41 there

885 6054 43 27 as
954 6039 90 41 well
1074 6039 198 49 someday
1299 6052 120 27 soon.

940 6099 348 47 Self-indulgence
1304 6131 9 5 -
1340 6098 191 49 perhaps,
1584 6098 72 39 but

883 6157 123 49 you'll
1036 6164 113 33 want
1175 6164 46 31 to
1252 6162 132 35 return
1416 6162 46 33 to
1490 6156 72 39 the
1592 6159 44 36 Ar-

887 6216 187 41 boretum
1104 6219 117 43 again
1250 6214 80 41 and
1359 6217 134 44 again.

1350 6276 176 46 JUDITH
1545 6276 113 38 LEVY

1265 6335 162 43 ,MARK
1441 6335 217 36 CHARLES

58 6465 231 41 December
315 6466 36 43 5,
375 6465 104 36 1976

2066 6362 115 113 13

3880 6441 142 38 FRESH
4054 6443 139 36 FRUIT

2074 967 63 41 IN
2159 967 186 41 THEIR
2364 964 169 44 ONLY
2554 964 213 43 RHODE
2787 964 227 41 ISLAND
3033 962 403 43 APPEARANCE
3452 962 135 43 THIS
3608 962 172 43 YEAR

1995 1039 704 208 Aztec
2731 1028 1115 272 Two-Step

2699 1441 49 36 T?

3208 1524 49 50 *1

3587 1548 46 41 Tt

3461 1559 66 36 ft

2469 1591 52 50 T*

3321 1679 54 39 n

2784 1701 43 44 *

3654 1717 24 33 r
3683 1721 24 36 r

3883 1753 54 30 Tr

3243 1761 52 36 T'

3550 1772 61 43 It

3301 1786 52 39 Tf

2820 1789 198 146 Lsi

2493 1860 66 33 7*\

2140 1984 60 50 T
3099 1984 899 50 1

1871 1997 31 52 fT

2011 2094 120 66 r*rf

1871 2128 60 44 M

2293 2153 54 35 tt

1888 2276 49 52 VF

2483 2517 191 41 WITH
2713 2515 320 44 SPECIAL
3071 2510 298 46 GUESTS

2328 2570 293 140 The
2641 2570 435 175 Alpha
3106 2569 386 135 Band

2438 2792 9 9 ,
2471 2753 124 43 from
2613 2753 82 41 the
2717 2753 186 52 Rolling
2920 2750 224 43 Thunder
3162 2750 186 41 Review

2148 2847 357 68 SUNDAY,
2532 2844 465 66 DECEMBER,
3031 2843 98 68 12,
3165 2841 167 57 1976
3384 2841 159 55 8:00
3570 2841 148 55 P.M.

2328 2923 394 46 PROVIDENCE
2740 2921 282 44 COLLEGE
3041 2945 16 8 -
3074 2923 243 43 ALUMNI
3335 2923 165 43 HALL

2184 3005 268 46 TICKETS:
2471 3002 146 49 $5.50
2646 3008 46 41 in
2712 3008 224 50 advance,
2953 3005 148 52 $6.50
3120 3005 80 44 the
3222 3005 88 54 day
3332 3005 55 41 of
3405 3006 80 41 the
3507 3005 132 44 show

2301 3072 353 47 AVAILABLE
2674 3076 96 43 AT:
2797 3076 191 50 Ladd‘s,
3005 3074 187 50 Roth‘s,
3211 3076 186 43 Beacon
3417 3074 148 52 Shop,

2104 3145 216 43 Midland
2339 3145 209 41 Records
2584 3140 335 57 (Wampanoag
2935 3142 131 50 Mall,
3082 3140 211 43 Midland
3310 3135 129 58 Mall)

2118 3214 150 43 Music
2290 3214 106 41 Box
2414 3209 247 58 (Newport
2698 3214 39 43 &
2756 3208 335 55 Woonsocket)
3112 3211 150 43 Cellar
3282 3209 186 43 Sounds
3487 3214 49 35 at
3556 3209 157 41 U.R.I.

2055 3283 167 41 Brown
2244 3282 205 43 Student
2468 3280 178 50 Union,
3195 3276 282 47 Providence
3496 3276 187 52 College

2148 3350 153 43 R.I.C.
2318 3348 128 43 Info.
2465 3350 178 49 Booth,
2687 3381 76 17 r—,
3187 3346 102 58 ($5.
3309 3351 46 39 in
3376 3350 203 41 advance
3600 3345 113 43 with
3732 3345 98 41 I.D.

2343 3463 247 44 Presented
2609 3466 65 52 by

3153 3463 96 43 and
3283 3463 79 41 the
3383 3463 107 43 P.C.
3509 3463 140 43 BOG.

3739 3742 72 17 EARIH
3822 3746 16 14 n
3846 3743 36 17 the
3891 3743 115 22 registered
4017 3743 117 17 trodemork

3748 3767 22 19 0*
3780 3772 60 20 Kolsd
3849 3772 106 22 System#*.
3964 3772 30 17 Inc

1813 3806 3 11 .
1844 3806 2 11 -

1913 3869 39 47 1
1967 3866 17 50 |

1898 3912 94 77 m

2518 3961 27 14 -

2784 3991 52 33 V

2715 4038 17 22 >

2468 4041 90 49 m

2929 4279 153 90 rje

3252 4302 110 88 %

2217 4580 22 24 \

3803 4902 241 72 shoe

3838 5014 27 27 @

1858 5041 118 49 The
1997 5047 161 43 store
2176 5041 131 49 that
2328 5055 113 47 you
2466 5041 150 49 have
2638 5055 205 47 grown
2865 5047 65 43 to
2954 5041 128 49 love
3104 5041 93 49 for
3219 5055 106 35 our
3346 5041 241 49 famous
3619 5041 224 49 EARTH
3876 5041 241 49 BRAND

1795 5115 247 54 SHOES,
2085 5129 135 35 now
2263 5117 46 49 is
2348 5117 104 49 the
2494 5129 285 47 purveyor
2817 5117 65 49 of
2920 5117 102 47 the
3065 5121 161 44 most
3266 5117 217 60 unique
3523 5128 164 49 array
3728 5115 63 49 of
3835 5115 283 61 imported

1794 5189 231 60 apparel
2061 5189 110 49 and
2209 5189 384 49 accessories.

1865 5263 157 49 From
2055 5261 266 52 Swedish
2354 5261 318 61 Carpenter
2702 5261 208 55 Shirts,
2934 5268 68 44 to
3030 5261 346 55 Austrailian
3411 5261 269 50 Outback
3713 5261 315 55 Sweaters,
4055 5269 65 43 to

1794 5351 106 35 our
1918 5317 494 69 EARThfIBRAND
2436 5334 247 52 SHOES.
2713 5335 424 61 Including^our
3161 5335 216 50 Danish
3402 5335 222 50 School
3649 5335 169 63 Bags.
3846 5335 151 57 Plus,
4017 5350 106 36 our

1795 5424 132 36 new
1959 5411 115 49 and
2107 5411 236 61 original
2383 5411 332 49 handmade
2753 5411 135 49 Irish
2924 5409 254 61 Country
3216 5411 161 50 Hats.

2751 5597 233 76 Earth
3008 5595 235 74 Shoe

2543 5706 134 76 311
2713 5701 528 77 Westminster
3266 5699 170 74 Mall

2304 5808 776 79 Intown-Providence
3107 5805 200 80 (401)
3334 5805 132 76 351
3507 5802 181 77 1890

1969 5924 107 39 YOU
2104 5924 109 38 CAN
2241 5923 107 38 BUY
2372 5921 74 43 AN
2474 5890 387 68 EARTH*BRAND
2888 5915 140 38 SHOE
3052 5913 137 38 ONLY
3213 5913 71 38 AT
3315 5910 74 38 AN
3417 5894 351 52 EARTH*SHOE
3795 5906 169 38 STORE

2354 5970 205 39 American
2586 5970 164 44 Express
2778 5980 16 16 •
2830 5967 107 36 Bank
2961 5965 224 38 Americard
3227 5976 14 14 •
3274 5962 148 38 Master
3446 5961 154 44 Charge

1931 6050 159 38 1-Hour
2099 6049 94 38 free
2209 6047 180 47 parking
2402 6046 109 36 with
2524 6041 250 39 validation.
2789 6038 126 47 Open
2931 6035 219 47 Sunday's
3164 6033 115 39 after
3288 6030 337 47 Thanksgiving:
3644 6025 219 39 11:00-5:00
3872 6036 104 36 p.m.

2706 6120 98 38 -Gift
2816 6120 247 38 Certificates
3072 6121 216 38 Avaiiabie-

2715 6186 403 46 Open-Mon.&Thur.
3139 6184 157 44 10-Bpm

2698 6238 373 46 Tue,Wed,Fri,Sat.
3090 6239 46 38 10
3150 6239 47 36 till
3211 6238 88 39 5:30
