4386 6616
3915 0 265 52 rums

58 124 817 159 Professor
957 124 491 146 Evans
1531 102 469 162 Talks
2088 101 449 202 Shop
2619 101 216 154 At
2920 102 564 153 Brown

246 395 54 43 By
312 395 28 43 J.
359 395 38 35 P.
413 392 213 38 CUELLAR

107 454 165 44 Getting
320 461 52 35 up
422 455 39 31 at
512 460 123 27 seven
688 458 54 27 on
797 458 20 27 a

57 509 192 47 Saturday
271 510 186 44 morning
476 512 44 33 to
542 518 71 27 see
633 518 24 25 a
682 507 135 36 movie

57 567 225 41 confirmed
323 565 49 39 all
414 578 65 35 my
521 564 164 41 friends'
729 576 88 27 new

57 627 101 38 fears
202 625 126 39 about
372 624 69 41 the
485 622 216 39 obsession
754 624 63 36 I'm

57 685 244 46 developing
328 682 96 39 with
450 682 121 39 films.

107 745 65 38 On
197 742 231 39 November
450 743 47 35 13
521 739 148 39 Robert
696 740 123 38 Evans

57 813 118 27 came
206 808 44 31 to
285 798 249 39 Providence
569 811 41 25 as
646 798 173 36 Brown's

57 860 83 41 first
189 860 169 47 adjunct
405 857 203 49 professor
660 857 36 38 in
748 854 72 41 the

58 918 285 39 humanities.
392 920 39 35 In
479 917 76 38 the
600 917 222 44 morning,

58 978 236 39 Chinatown
337 978 39 44 (a
414 975 85 38 film
545 972 6 50 I
598 972 77 41 had
721 984 96 27 seen

58 1036 112 38 three
184 1038 118 36 times
318 1031 180 47 already)
517 1044 82 27 was
617 1030 142 39 shown
781 1036 41 33 at

57 1094 71 39 the
176 1096 113 36 Avon
342 1094 162 36 cinema
559 1102 52 25 on
668 1090 154 46 Thayer

58 1154 139 43 Street,
211 1150 194 43 followed
422 1150 50 46 by
490 1161 20 27 a
528 1151 191 44 question
740 1146 80 39 and

58 1222 154 27 answer
239 1208 293 47 period.,Later
562 1209 35 35 in
630 1205 71 39 the
731 1205 91 46 day,

60 1271 121 36 Evans
208 1274 83 31 met
313 1266 93 38 with
435 1279 22 25 a
482 1265 113 38 small
622 1276 129 35 group
780 1261 43 39 of

58 1326 181 38 selected
268 1324 197 38 students.

110 1384 80 38 The
217 1383 109 46 early
353 1384 154 36 session
537 1378 209 41 consisted
780 1378 44 39 of

58 1443 69 39 the
170 1443 225 44 screening,
435 1438 194 39 followed
674 1438 52 46 by
772 1449 49 25 an

60 1501 101 38 hour
173 1501 46 38 of
233 1501 211 46 questions
463 1496 184 39 directed
666 1494 156 41 toward

58 1561 88 36 that
180 1557 214 47 particular
427 1556 98 39 film.
562 1554 88 39 This
683 1553 139 41 would

60 1624 137 33 create
231 1630 22 25 a
293 1619 165 44 starting
499 1617 115 44 point
654 1613 61 39 for
754 1613 69 39 the

60 1676 241 44 discussion,
328 1677 35 35 in
389 1674 69 39 the
483 1685 113 27 same
620 1683 88 35 way
735 1671 88 39 that

61 1737 154 39 Dustin
287 1732 250 38 Hoffman's
606 1742 217 36 presence

63 1792 180 39 initiated
269 1792 132 47 things
430 1791 72 39 last
529 1792 148 44 spring,
702 1787 120 39 when

63 1852 49 39 he
139 1865 118 25 came
283 1849 61 39 for
375 1852 132 36 Evan's
535 1847 85 39 first
647 1849 102 38 visit.

113 1912 99 38 One
269 1909 46 38 of
378 1909 74 38 the
517 1909 178 36 criteria
757 1906 68 38 for

61 1969 231 46 evaluating
329 1980 20 25 a
387 1965 83 39 film
512 1969 28 36 is
576 1964 184 39 whether
798 1965 27 38 it

63 2030 214 36 maintains
296 2039 99 35 your
419 2028 165 36 interest
605 2022 175 49 through
803 2035 22 27 a

61 2085 153 41 second
260 2098 55 33 or,
361 2087 35 35 in
443 2082 77 41 this
567 2094 109 33 case,
718 2080 106 39 third

61 2143 194 47 showing.
301 2143 241 38 Chinatown
589 2139 235 39 succeeded

63 2202 233 46 admirably.
318 2200 88 39 This
425 2203 113 43 time,
559 2197 6 50 I
587 2211 80 27 was
691 2197 134 41 struck

65 2261 49 44 by
134 2261 90 38 how
241 2258 88 39 well
350 2258 69 39 the
441 2261 131 36 music
592 2257 180 39 worked:
800 2258 25 36 it

888 394 82 27 was
997 387 72 31 not
1093 380 148 46 always
1268 378 151 44 subtle,
1446 376 72 38 but
1546 378 28 36 it
1600 375 61 46 fit,

890 439 79 39 and
1003 441 36 35 in
1072 449 117 27 some
1224 447 115 27 cases
1372 433 186 47 defined,
1589 431 71 41 the

891 496 124 39 mood
1046 496 44 39 of
1117 494 102 41 each
1252 507 139 27 scene.
1427 494 6 41 I
1466 506 83 25 was
1580 504 61 27 sur-

891 554 146 50 prised,
1066 561 87 41 too,
1181 561 43 31 at
1254 553 91 38 how
1376 551 180 47 strongly
1589 550 71 39 the

890 617 124 44 script
1036 613 140 39 hinted
1200 619 54 38 at,
1272 624 46 25 or
1340 608 318 41 foreshadowed

890 674 76 38 the
1014 674 140 46 tragic
1206 671 329 44 denouement,
1584 666 76 41 the

893 731 198 39 bedroom
1128 742 124 27 scene
1287 728 123 47 being
1444 726 72 39 the
1554 732 107 31 most

891 789 175 39 obvious
1093 787 200 47 example.

945 847 112 39 After
1079 846 71 41 the
1173 846 102 46 film,
1301 847 123 36 Evans
1449 843 123 39 made
1602 841 58 41 his

893 918 301 35 appearance.
1276 907 63 35 He
1414 913 90 27 was
1586 901 76 39 the

893 962 244 50 Hollywood
1154 965 157 46 picture
1331 961 44 39 of
1395 961 153 46 health,
1564 957 96 39 with

891 1036 22 24 a
965 1022 150 38 terrific
1169 1028 82 31 tan.
1307 1019 113 39 After
1474 1031 22 25 a
1551 1017 110 39 short

1745 378 236 38 statement,
2024 370 52 38 he
2118 369 283 47 immediately
2446 375 71 41 got

1746 431 94 36 into
1926 439 22 27 a
2031 428 257 38 discussion
2375 425 142 39 about

1745 485 255 41 Chinatown.

1800 548 123 36 Evans
1942 543 124 41 noted
2083 543 88 41 that
2187 543 71 39 the
2276 545 139 38 movie
2431 554 83 27 was

1745 617 49 25 an
1824 606 219 44 exception
2074 603 79 46 (for
2180 602 263 47 Hollywood)
2477 605 36 35 in

1745 663 90 38 that
1849 665 28 36 it
1893 674 80 27 was
1992 674 83 27 one
2093 661 44 39 of
2154 674 24 27 a
2195 674 96 35 very
2309 660 80 39 few
2406 660 109 39 films

1746 720 126 41 based
1902 720 151 47 merely
2080 732 54 27 on
2164 732 50 27 an
2249 718 106 47 idea,
2384 718 132 39 rather

1745 778 98 41 than
1865 792 20 27 a
1907 778 132 39 novel.
2060 778 112 39 After
2195 778 150 38 Robert
2365 780 151 36 Towne

1745 838 87 39 first
1871 836 239 41 mentioned
2154 836 58 39 his
2255 836 91 39 idea
2389 835 63 39 for
2493 847 24 27 a

1745 896 209 39 detective
1980 898 137 38 movie
2139 901 46 35 to
2214 898 139 43 Evans,
2380 898 27 36 it
2433 907 82 25 was

1745 961 82 35 two
1841 967 115 36 years
1976 953 142 41 before
2139 967 22 25 a
2180 953 194 47 shooting
2392 954 124 46 script

1746 1013 176 41 resulted
1989 1016 165 43 (Towne
2217 1011 299 47 subsequently

1740 1088 91 27 won
1852 1088 49 25 an
1921 1076 129 38 Oscar
2068 1074 63 38 for
2148 1074 71 38 the
2238 1072 272 47 screenplay.)

1745 1131 82 39 The
1860 1129 85 39 fact
1978 1129 88 39 that
2099 1132 150 35 Towne
2280 1135 129 31 wrote
2446 1126 71 41 the

1745 1191 139 44 script
1940 1187 288 47 specifically
2285 1186 69 38 for
2414 1186 101 44 Jack

1746 1246 225 39 Nicholson
2014 1252 44 31 to
2099 1252 80 31 star
2224 1247 35 35 in
2302 1257 82 25 was
2428 1243 88 39 also

1745 1304 189 39 unusual.

1797 1361 170 49 Though
1994 1361 6 49 I
2025 1361 74 39 felt
2121 1361 243 39 Chinatown
2391 1361 124 38 could

1746 1420 104 39 have
1869 1420 137 38 ended
2030 1431 54 27 no
2106 1419 118 41 other
2243 1431 102 33 way,
2365 1422 151 35 Towne

1745 1479 164 39 wanted
1953 1491 22 27 a
2016 1477 197 41 different
2255 1477 74 39 last
2375 1490 139 27 scene.

1746 1540 154 36 Roman
1950 1535 197 46 Polanski,
2189 1535 94 39 who
2329 1535 186 39 directed

1743 1595 69 41 the
1858 1595 99 44 film,
2006 1594 121 38 made
2178 1605 20 25 a
2249 1589 173 41 number
2468 1587 44 39 of

1745 1655 183 47 changes
1970 1657 35 35 in
2047 1649 69 43 the
2154 1657 139 44 script,
2331 1652 80 39 and
2458 1652 57 39 his

1745 1713 244 39 conclusion
2014 1726 83 25 was
2124 1712 112 39 used.
2268 1715 30 35 It
2320 1724 83 25 was
2430 1710 87 39 also

1746 1772 244 39 Polanski's
2055 1770 206 39 decision
2328 1778 46 30 to
2438 1781 79 27 use

1748 1831 239 38 Panavision
2047 1830 315 44 (wide-screen),
2419 1839 98 27 over

1748 1891 135 36 Evans'
1912 1894 186 41 protests.

1797 1946 83 39 The
1907 1953 107 33 most
2041 1948 235 46 interesting
2301 1945 216 47 discovery

1745 2005 61 41 for
1825 2006 165 38 me'was
2011 2005 88 39 that
2118 2005 102 38 after
2241 2005 274 38 Chinatown's

1745 2065 87 38 first
1865 2066 187 44 preview,
2087 2066 27 36 it
2145 2076 82 27 was
2261 2063 255 46 completely

1746 2123 216 38 re-scored.
1997 2126 30 35 A
2058 2135 90 25 nevv
2180 2134 222 35 composer
2433 2132 82 27 was

1745 2180 176 49 brought
1951 2183 52 44 in,
2028 2183 102 44 Jerry
2159 2178 249 47 Goldsmith,
2435 2178 80 39 and

1745 2252 43 27 as
1831 2241 121 38 Evans
1994 2238 169 46 related,
2203 2241 27 36 it
2268 2244 93 31 cost
2400 2238 113 38 them

2589 365 173 39 another
2791 362 143 39 month
2962 361 46 39 of
3033 364 112 36 time.

2643 425 167 44 Scoring
2838 435 22 25 a
2885 422 87 36 film
3006 422 30 35 is
3066 431 24 25 a
3118 430 96 35 very
3244 420 94 36 time-

2589 483 247 44 consuming
2861 491 180 35 process,
3066 476 79 41 and
3176 476 184 39 involves

2589 540 69 39 the
2710 550 220 38 composer
2984 539 143 44 seeing
3180 534 71 39 the
3307 535 38 36 in-

2589 597 181 41 dividual
2811 608 145 28 scenes
3000 606 98 27 over
3140 592 79 39 and
3265 605 98 25 over

2591 657 145 41 before
2762 657 157 46 writing
2950 654 71 39 the
3052 655 143 36 music.
3231 649 128 43 Often

2589 717 71 39 the
2676 715 235 38 conductor
2929 712 115 39 looks
3065 718 41 33 at
3121 710 72 39 the
3211 709 87 39 film
3318 721 44 25 as

2589 775 71 38 the
2680 776 131 36 music
2831 775 30 36 is
2883 770 214 46 recorded,
3118 781 44 27 so
3186 781 43 25 as
3249 775 46 31 to
3315 767 47 38 fit

2591 831 71 43 the
2683 833 139 38 action
2847 828 211 49 precisely.
3088 830 38 35 In
3154 827 124 47 short,
3304 828 58 36 it's

2592 906 22 25 a
2649 891 79 38 hell
2762 890 44 38 of
2843 902 24 25 a
2904 888 57 38 lot
2997 887 44 39 of
3076 885 109 41 work
3222 883 79 41 and
3339 894 24 28 a

2594 948 178 39 month's
2814 946 228 41 difference
3091 946 35 36 in
3175 956 22 27 a
3241 943 121 38 film's

2594 1006 359 50 post-production
2980 1003 200 39 schedule
3206 1014 76 27 can
3312 1000 52 39 be

2592 1080 93 33 very
2713 1066 231 46 expensive.

2647 1124 80 38 The
2772 1124 74 36 last
2893 1126 55 35 15-
2980 1124 180 35 minutes
3205 1118 44 39 of
3293 1118 72 39 the

2594 1186 175 36 session
2839 1181 143 47 began
3058 1176 307 46 innocuously

2594 1239 181 49 enough,
2806 1239 94 38 with
2939 1239 123 38 Evans
3099 1236 176 46 offering
3313 1247 49 27 an

2597 1301 91 36 idea
2712 1299 50 38 he
2789 1298 77 38 had
2893 1296 61 39 for
2980 1309 22 27 a
3025 1294 101 39 film.
3154 1296 60 36 He
3241 1291 123 41 asked

2597 1370 44 25 us
2655 1357 112 38 what
2780 1369 61 27 we
2858 1353 176 50 thought
3054 1353 129 39 about
3203 1351 164 46 making

2595 1430 22 25 a
2652 1416 85 39 film
2773 1414 128 41 about
2937 1413 139 44 Hitler,
3110 1409 257 47 chronicling

2594 1474 63 39 his
2685 1477 76 35 rise
2787 1480 44 31 to
2858 1483 151 36 power,
3036 1465 80 44 and
3145 1469 154 47 ending
3328 1474 41 33 at

2597 1534 69 38 the
2685 1535 118 44 point
2819 1531 135 39 where
2978 1529 52 39 he
3049 1528 117 41 takes
3187 1526 71 41 the
3279 1526 88 39 title

2597 1592 44 38 of
2687 1591 71 39 der
2808 1587 181 41 Fuehrer.
3041 1589 124 36 Evans
3217 1584 151 47 calmly

2597 1649 135 41 added
2772 1647 88 41 that
2896 1647 50 39 he
2983 1658 82 27 was
3101 1644 187 47 thinking
3324 1643 46 39 of

2598 1712 142 36 Dustin
2772 1707 194 38 Hoffman
2995 1709 36 35 in
3058 1704 69 39 the
3153 1702 88 41 title
3269 1702 96 38 role.

2650 1770 49 35 At
2739 1767 88 38 that
2866 1770 200 39 moment,
3112 1761 6 49 I
3164 1761 203 49 expected

2600 1828 123 36 Evans
2761 1831 43 33 to
2844 1824 50 39 be
2937 1822 57 39 hit
3031 1820 96 39 with
3169 1833 22 25 a
3230 1819 137 38 verbal

2598 1885 167 46 barrage
2789 1894 44 27 so
2858 1888 137 39 strong
3020 1891 43 27 as
3088 1887 44 31 to
3157 1877 101 41 send
3285 1877 82 39 him

2597 1950 47 31 to
2704 1942 77 39 the
2841 1945 180 35 nearest
3080 1940 102 38 exit.
3246 1935 123 41 Calm

2600 2000 220 47 prevailed,
2855 2000 202 43 however,
3091 1995 77 39 and
3211 1997 35 36 in
3283 1995 87 38 fact

2598 2060 128 39 there
2778 2071 115 25 were
2946 2057 85 38 few
3090 2054 280 47 completely

2602 2120 187 46 negative
2819 2121 246 33 comments.

2652 2176 129 38 When
2831 2175 71 38 the
2951 2175 156 38 session
3159 2170 151 47 ended,
3362 2170 5 47 I

2600 2235 132 47 began
2751 2233 186 47 thinking
2951 2230 129 41 about
3099 2230 71 39 the
3189 2231 77 36 riot
3283 2228 87 39 that

3441 369 123 27 never
3597 356 194 39 occured.
3830 359 123 36 Evans
3989 361 27 35 is
4052 370 49 25 an
4143 361 44 35 im-

3441 420 165 38 portant
3624 413 216 47 producer,
3857 414 71 39 but
3954 417 63 36 I'm
4041 428 93 27 sure
4156 430 54 25 no

3439 483 82 27 one
3554 479 43 31 at
3628 472 71 38 the
3731 474 115 36 Avon
3883 474 175 39 realized
4094 477 115 44 quite

3441 529 93 39 how
3562 531 195 47 powerful
3789 531 50 39 he
3866 531 123 47 really
4019 535 41 35 is.
4091 535 117 36 More

3438 587 99 39 than
3572 602 165 35 anyone
3769 589 85 39 else
3890 592 35 36 in
3962 591 244 47 Hollywood

3439 647 102 47 right
3564 660 104 33 now,
3693 647 148 39 Robert
3868 650 123 36 Evans
4019 650 28 38 is
4076 652 35 36 in
4137 647 71 43 the

3439 709 178 44 position
3657 706 44 38 of
3737 707 164 47 making
3939 707 159 47 exactly
4137 709 69 38 the

3438 762 94 41 kind
3562 764 44 39 of
3631 764 87 39 film
3748 764 50 39 he
3825 772 142 33 wants.

3490 822 169 49 Making
3680 827 156 36 movies
3860 827 30 36 is
3917 824 65 49 big
4006 824 200 49 business,

3436 880 80 38 and
3557 882 257 49 Hollywood,
3855 882 76 39 like
3972 894 77 35 any
4088 882 118 41 other

3439 939 192 49 industry,
3683 939 69 39 has
3809 943 47 36 its
3912 940 290 47 bureaucracy.

901 2205 126 35 Evens
1049 2200 121 39 fields
1194 2205 235 35 comments
1452 2213 55 27 on
1532 2213 24 25 a
1581 2213 91 25 new

901 2258 87 39 film
1016 2258 107 39 idea.

3565 2197 124 35 many
3709 2186 151 46 people
3876 2191 72 43 got
3967 2186 82 39 rich
4069 2198 54 27 on
4145 2198 65 35 my

93 6482 230 39 December
350 6487 35 39 5,
409 6487 101 36 1976

2118 6387 107 153 11

3545 1013 235 38 Continued
3808 1025 55 25 on
3893 1014 104 43 Page
4024 1016 49 36 15

3907 6460 142 38 FRESH
4080 6457 140 43 FRUIT

302 2561 265 88 DEC.,
622 2559 200 77 1976

1052 2606 58 28 The
1124 2605 88 30 Avon
1228 2605 33 28 is.
1269 2602 180 38 immensely
1463 2598 154 39 gratified
1633 2598 41 39 by
1687 2597 54 30 the
1757 2595 206 30 enthusiastic
1980 2603 151 30 response
2157 2589 52 31 the
2228 2587 65 31 film
2313 2589 96 38 going
2428 2586 189 35 community
2636 2580 55 31 has
2712 2578 104 31 shown
2835 2587 76 19 over
2928 2575 55 30 the
3002 2576 74 38 pgst

1049 2650 35 25 to
1099 2657 55 19 our
1170 2644 117 31 efforts
1304 2646 27 28 in
1350 2643 143 38 bringing
1510 2652 58 30 you
1586 2638 54 31 the
1658 2638 71 31 best
1746 2638 28 30 in
1792 2636 113 31 classic
1923 2635 60 30 and
2000 2638 252 33 contemporary
2268 2628 80 31 film,
2364 2628 80 30 from
2458 2625 61 30 this
2535 2619 343 44 countryancaround
2912 2619 36 28 he
2964 2619 107 27 woridL
3087 2619 60 24 We
3162 2622 55 20 are

1050 2687 124 39 looking
1191 2683 137 33 forward
1342 2688 36 27 to
1394 2682 145 39 bringing
1554 2693 58 28 you
1630 2691 79 19 even
1726 2690 85 19 more
1827 2677 35 31 of
1877 2690 76 27 your
1967 2676 139 31 favorite
2137 2674 80 30 films
2241 2671 109 38 during
2372 2669 55 30 the
2449 2676 124 28 coming
2595 2674 88 30 year.
2707 2660 197 31 Remember,
2928 2660 54 30 the
3003 2660 90 27 Avon

1052 2728 94 36 place
1169 2726 102 31 where
1294 2737 58 27 you
1376 2735 58 19 can
1460 2734 54 20 see
1537 2734 85 19 more
1644 2720 82 31 films
1750 2731 85 20 more
1858 2718 90 33 often
1970 2717 74 31 than
2069 2728 60 28 any
2157 2713 91 30 other
2261 2712 124 31 theatre
2402 2721 27 19 in
2444 2710 106 28 Rhode
2567 2710 110 25 Island.

3485 2513 266 88 DEC.,
3809 2510 200 77 1976

337 2827 183 36 SUNDAY
545 2847 11 6 -
584 2824 206 36 MONDAY
817 2843 11 8 -
854 2820 200 38 TUESDAY

540 3765 198 30 DECEMBER
764 3765 17 30 5
806 3780 11 8 -
843 3765 17 28 7

472 3831 91 36 THE
591 3830 326 36 EMMIGRANTS

367 3906 74 30 7:20
457 3906 72 28 P.M.
551 3904 140 38 (Sunday
707 3902 140 28 Matinee
861 3901 76 30 2:30
953 3901 74 28 P.M.

343 3970 69 28 Max
433 3970 61 27 Von
517 3967 112 39 Sydow
649 3967 58 28 and
731 3967 47 28 Liv
800 3965 113 30 Ullman
937 3964 87 39 bring
1046 3976 14 17 a

343 4009 99 30 subtle
463 4022 93 25 grace
575 4013 35 27 to
627 4006 60 31 this
704 4006 63 31 film
787 4006 99 31 about
902 4005 54 31 the
973 4005 71 31 hard-

343 4050 82 41 ships
454 4050 35 28 of
518 4063 14 17 a
565 4049 139 31 Swedish
735 4050 134 36 peasant
898 4046 109 41 family
1036 4049 25 27 in

342 4091 172 30 America's
531 4090 161 30 Mid-west
707 4091 28 28 in
751 4088 52 30 the
827 4090 115 28 !900's.
961 4091 87 27 Direc-

342 4134 52 28 ted
417 4132 57 30 and
494 4129 241 43 photographed
756 4129 39 41 by
813 4131 58 30 Jan
890 4128 107 31 Troell.

342 4175 121 38 stirring
499 4172 228 31 reaffirmation
765 4170 35 31 of
839 4170 94 31 mans
972 4169 90 35 faith,

343 4214 129 39 bravery
487 4213 60 31 and
564 4216 83 27 inner

507 4287 180 35 HESTER
713 4285 172 35 STREET

343 4361 74 28 9:20
443 4361 72 27 P.M.
542 4359 142 36 (Sunday
707 4357 140 28 Matinee
869 4357 76 28 4:35
969 4356 91 28 P.M.)

345 4422 161 39 Academy
539 4422 112 30 Award
682 4422 142 28 nominee
857 4419 93 31 Carol
983 4420 82 28 Kane

345 4468 79 27 stars
443 4466 27 28 in
490 4463 60 30 this
572 4465 121 36 moving
712 4461 63 30 film
798 4461 39 39 by
857 4461 82 30 Joan
961 4460 106 31 Silver.

343 4506 57 30 The
427 4506 222 33 affectionate,
677 4502 52 31 but
754 4502 88 31 often
868 4501 88 31 harsh
981 4504 85 38 story

343 4546 35 31 of
394 4545 172 39 struggling
583 4545 176 38 immigrant
773 4543 85 35 Jews
876 4545 27 28 in
920 4542 52 31 the
991 4543 76 28 New

343 4587 79 31 York
443 4587 109 38 ghetto
573 4589 33 27 at
625 4586 52 30 the
696 4589 66 27 turn
784 4584 35 30 of
836 4584 52 30 the
910 4587 139 35 century.

521 4674 197 30 DECEMBER
746 4674 36 28 12
808 4690 11 6 -
846 4674 39 28 14

487 4732 195 35 WOMEN
707 4732 49 33 IN
783 4731 128 35 LOVE

361 4797 74 28 7:25
450 4795 72 30 P.M.
545 4795 140 38 (Sunday
701 4795 142 27 Matinee
857 4795 74 27 3:00
946 4792 94 30 P.M.)
1054 4813 16 3 -

346 4852 58 30 Ken
425 4850 139 31 Russell's
581 4849 60 31 lush
660 4849 151 41 adaption
828 4849 35 31 of
880 4850 31 30 D.
929 4849 36 28 H.
986 4849 61 28 Law-

346 4893 120 30 rence's
487 4893 69 38 epic
580 4890 88 31 novel
688 4891 33 28 of
743 4891 124 38 passion
890 4890 58 28 and
972 4888 94 31 death

346 4935 25 28 in
398 4934 236 28 late-Victorian
660 4931 142 39 England.
828 4932 135 36 Starring
989 4929 79 31 Alan

346 4976 99 33 Bates,
461 4973 107 31 Oliver
584 4973 83 30 Reed
687 4972 57 31 and
761 4970 164 43 Academy
939 4970 109 31 Award-

343 5017 115 30 winner
482 5013 124 33 Glenda
631 5013 148 31 Jackson.

600 5071 198 36 MAHLER

364 5139 74 28 9:45
454 5137 74 28 P.M.
546 5135 142 38 (Sunday
704 5135 142 28 Matinee
861 5135 74 27 5:15
951 5134 93 28 P.M.)

351 5195 58 27 Ken
430 5192 121 35 Russell,
567 5192 54 30 the
638 5191 137 31 director
791 5191 35 31 of
843 5191 123 30 MUSIC
986 5191 63 28 LOV-

351 5235 60 28 ERS
443 5233 58 30 and
529 5231 157 35 TOMMY,
715 5230 128 31 focuses
868 5230 47 31 Tiis
946 5241 123 19 camera

348 5287 60 28 eye
438 5287 38 19 on
506 5274 52 30 the
591 5283 169 28 composer
787 5274 123 28 Gustav
943 5269 128 31 Mahler.
1076 5269 2 46 c

351 5315 110 31 Russell
479 5313 110 31 blends
605 5315 69 30 fact
690 5313 60 30 and
765 5313 112 30 fiction
894 5312 71 31 with
986 5312 63 30 Mah-

350 5357 68 30 ier's
435 5357 93 30 music
543 5361 33 27 to
592 5357 109 30 create
720 5369 14 16 a
753 5353 137 41 dazzling
906 5353 164 41 spectacle

348 5400 131 36 starring
518 5397 159 38 Georgina
720 5395 77 31 Hale
838 5395 57 30 and
937 5395 134 30 Michael

350 5439 118 30 Powell.

1244 2814 282 35 WEDNESDAY
1546 2833 19 6 -
1591 2811 243 36 THURSDAY

1378 2894 198 30 DECEMBER
1605 2891 96 33 1-2

1362 2953 172 35 OLIVER
1561 2951 148 35 TWIST

1450 3017 76 30 7:15
1551 3016 76 31 P.M.

1280 3072 96 31 finest
1397 3083 107 19 screen
1526 3071 184 30 translation
1732 3069 33 31 of
1786 3082 14 17 a
1824 3069 68 30 liter-

1181 3126 54 28 ary
1252 3115 112 30 classic
1383 3126 72 24 ev.er
1617 3112 107 39 Bosley
1742 3109 164 31 Crowther

1183 3161 96 25 v/rote
1296 3156 28 30 in
1340 3153 54 33 the
1414 3154 35 28 N.
1468 3153 33 31 Y.
1517 3153 98 31 Times
1631 3151 33 33 of
1685 3151 94 30 David
1800 3151 106 30 Lean's

1181 3195 63 31 film
1274 3195 35 30 of
1335 3195 52 30 the
1417 3195 142 30 Dickens'
1587 3197 96 36 story.
1713 3194 85 28 Stars
1827 3192 79 28 John

1181 3236 135 30 Howard
1334 3238 110 28 Davies
1461 3247 31 17 as
1509 3235 117 33 Oliver,
1644 3235 113 30 Robert
1773 3233 131 31 Newton

1183 3291 31 16 as
1231 3277 85 31 Sikes
1332 3277 58 31 and
1408 3277 79 28 Alec
1501 3277 135 30 Guiness
1652 3288 35 16 as
1704 3276 102 36 Fagin.

1261 3334 159 35 GREAT
1446 3332 367 36 EXPECTATIONS

1452 3398 76 28 9:15
1553 3397 76 30 P.M.

1184 3455 96 28 David
1313 3455 104 28 Lean's
1447 3452 126 31 faithful
1603 3465 109 17 screen
1743 3452 164 38 rendering

1183 3494 35 31 of
1244 3496 128 30 Charles
1400 3493 142 31 Dickens'
1569 3494 121 30 famous
1718 3491 65 31 tale
1809 3491 35 31 of
1871 3504 36 17 an

1183 3537 118 39 orphan
1335 3535 61 30 and
1430 3534 43 31 his
1507 3535 165 41 imperious
1709 3534 200 30 benefactor.

1184 3580 85 28 Stars
1299 3578 79 30 John
1411 3576 90 35 Mills,
1531 3576 121 30 Valerie
1687 3576 128 30 Hobson
1847 3575 60 28 and

1183 3619 79 30 Alec
1290 3619 145 30 Guiness.
1461 3619 121 28 TIMES'
1611 3620 52 27 ten
1696 3616 69 31 best
1794 3616 33 30 of
1857 3616 50 30 the

1183 3672 87 27 year.
1287 3660 120 39 Superb
1425 3661 106 36 acting
1550 3658 58 30 and
1627 3658 167 38 directing.

1383 3734 197 27 DECEMBER
1605 3734 99 27 8-9

1417 3791 118 35 DEEP
1561 3791 96 33 END

1455 3855 76 28 7:15
1556 3854 76 30 P.M.

1186 3910 93 31 Polish
1304 3910 139 30 director
1465 3910 91 39 Jerzy
1580 3909 236 31 Skolimowski's
1839 3909 71 31 best

1183 3951 76 30 film.
1279 3953 27 28 A
1328 3953 169 28 cinematic
1517 3950 233 31 tour-de-force
1773 3950 98 31 about
1891 3961 16 19 a

1184 4003 102 30 young
1307 3994 87 38 boy's
1414 3992 102 30 sexual
1539 3992 195 38 awakening.
1754 3994 27 27 A
1802 3994 107 36 poetic

1184 4035 60 28 and
1263 4033 249 31 dreamlike-and
1528 4031 214 43 occasionally
1757 4031 137 39 frighten-

1184 4074 161 39 ing-black
1367 4074 146 39 comedy.
1537 4074 134 30 Andrew
1696 4074 94 30 Sarris
1817 4074 76 30 nomi-

1184 4117 94 30 nated
1301 4120 22 25 it
1340 4126 60 19 one
1417 4115 35 30 of
1476 4117 104 28 1971s
1600 4115 69 30 best
1687 4113 91 31 films.

1386 4173 91 35 THE
1504 4173 191 35 TENANT

1457 4238 74 28 9:20
1557 4236 76 31 P.M.

1189 4293 113 31 Roman
1326 4291 140 33 Polanski
1490 4293 117 30 directs
1630 4291 60 31 and
1713 4296 80 27 stars
1817 4294 27 28 in
1869 4291 44 31 his

1187 4337 80 27 most
1296 4337 109 27 recent
1433 4334 63 30 film
1526 4354 8 5 -
1564 4334 54 30 the
1646 4334 156 31 chronicle
1831 4334 33 30 of
1894 4345 14 19 a

1186 4375 110 41 simple
1315 4376 96 28 man's
1430 4375 140 39 dizzying
1591 4375 132 30 descent
1743 4376 65 28 into
1827 4375 66 30 mad-

1187 4427 80 20 ness.
1287 4416 60 31 The
1365 4416 156 31 direction
1542 4419 24 28 is
1586 4414 170 41 horrifying
1780 4416 58 30 and
1861 4428 35 19 oc-

1187 4455 172 43 casionally
1387 4457 173 31 humorous.
1589 4455 58 31 The
1677 4460 71 28 cast
1775 4455 139 33 includes

1145 4521 28 11 _
1187 4498 131 30 Isabelle
1339 4498 113 41 Adjani
1479 4498 139 33 (STORY
1635 4499 52 28 OF
1706 4499 115 28 ADELE
1843 4499 68 33 H.l,

1189 4539 120 39 Melvyn
1337 4539 142 39 Douglas,
1506 4539 101 41 Shelly
1628 4539 137 30 Winters
1791 4537 60 31 and
1874 4539 39 30 Jo

1183 4581 63 30 Van
1274 4580 94 31 Fleet.

1365 4680 197 28 DECEMBER
1591 4680 139 28 15-16

1277 4743 200 35 HAROLD
1504 4743 104 35 AND
1633 4743 175 35 MAUDE

1461 4816 74 28 7:15
1562 4816 74 28 P.M.

1191 4880 27 27 A
1250 4877 170 31 wonderful
1455 4882 153 27 romantic
1643 4879 146 39 comedy.
1822 4879 94 30 What

1191 4918 77 31 does
1287 4921 25 28 it
1331 4923 115 27 matter
1463 4920 69 30 that
1550 4918 54 31 the
1624 4918 98 33 lovers
1742 4931 54 19 are
1816 4932 16 19 a
1852 4920 61 31 rich

1187 4970 102 28 young
1306 4972 68 19 man
1387 4961 36 30 of
1435 4964 120 36 twenty
1569 4978 8 13 ?
1591 4961 38 28 nd
1646 4973 16 16 a
1679 4961 150 41 sprightly
1844 4961 71 39 lady

1191 5002 35 28 of
1243 5002 238 35 seventy-nine?
1502 5003 58 28 Hal
1581 5002 107 41 Ashby
1707 5002 128 35 directs,
1857 4998 57 35 Bud

1189 5043 79 31 Cort
1283 5044 57 28 and
1357 5043 76 31 Ruth
1447 5043 132 31 Gordon
1594 5047 76 27 star.

1272 5109 91 35 THE
1391 5109 120 35 KING
1539 5110 65 33 OF
1630 5109 187 36 HEARTS

1461 5181 76 30 9:15
1562 5181 74 30 P.M.

1191 5247 24 27 A
1230 5244 80 30 local
1324 5244 137 30 favorite
1479 5247 129 27 returns.
1624 5246 124 39 Phillipe
1764 5246 38 30 de
1820 5247 93 28 Broca

1191 5293 117 30 directs
1324 5293 76 30 Alan
1422 5294 90 30 Bates
1529 5296 27 27 in
1572 5293 58 31 this
1647 5294 106 38 gentle
1773 5296 143 30 anti-war

1191 5343 96 28 satire
1318 5342 98 36 wh[ch
1447 5343 143 39 explores
1622 5342 52 31 the
1707 5345 143 38 question
1883 5343 33 31 of

1191 5391 104 30 where
1309 5391 54 30 the
1380 5392 63 28 real
1460 5394 134 38 insanity
1609 5392 54 30 lies
1683 5413 8 5 -
1710 5395 25 25 in
1754 5403 36 19 an
1811 5395 106 27 insane

1191 5439 115 41 asylum
1321 5450 33 20 or
1370 5443 25 28 in
1411 5454 16 17 a
1444 5439 94 31 world
1556 5446 31 25 at
1602 5441 85 31 war?

2898 2789 159 38 FRIDAY
3083 2808 28 8 -
3137 2789 243 35 SATURDAY

2940 2894 224 36 MIDNIGHT
3192 2894 143 35 MOVIE

2976 3115 200 30 DECEMBER
3200 3115 19 30 3
3243 3131 13 8 -
3279 3115 19 30 4

2928 3178 142 39 LONG
3094 3180 244 38 GOODBYE

2898 3249 101 31 Elliott
3013 3250 102 30 Gould
3132 3255 80 27 stars
3228 3252 60 28 and
3306 3252 58 28 Rob-

2890 3293 49 27 ert
2951 3290 124 31 Altman
3091 3290 117 31 directs
3224 3290 57 33 this
3298 3291 66 30 mod-

2898 3342 61 27 ern,
2995 3331 231 41 sophisticated
3261 3334 121 30 version

2898 3373 35 30 of
2972 3373 52 30 the
3068 3373 113 31 classic
3225 3375 157 38 Raymond

2896 3413 159 33 Chandler
3093 3419 148 36 mystery.
3280 3414 102 31 Gould

2898 3455 104 30 makes
3028 3468 16 17 a
3072 3455 200 41 surprisingly
3298 3455 85 39 good

2896 3498 58 28 and
2969 3498 132 36 original
3118 3498 93 41 Philip
3228 3498 154 28 Maclowe

2898 3537 58 31 and
2980 3537 151 31 Altman's
3153 3537 107 49 stylish
3282 3539 85 30 direc-

2894 3580 65 30 tion
2973 3583 83 27 turns
3072 3584 54 27 out
3140 3584 33 25 to
3189 3578 39 31 be
3244 3580 123 41 perfect-

2898 3620 27 41 ly
2946 3620 102 31 suited
3072 3625 33 25 to
3128 3620 54 30 the
3203 3624 98 38 story.

2901 3778 159 33 FRIDAY
3088 3798 27 5 -
3142 3778 241 33 SATURDAY

2942 3868 224 33 MIDNIGHT
3194 3868 143 33 MOVIE

2959 4072 198 28 DECEMBER
3184 4074 38 27 10
3247 4072 72 30 -11

3011 4161 90 35 THE
3128 4161 135 35 BIRDS

2899 4255 58 30 The
2975 4255 109 31 Alfred
3101 4255 178 31 Hitchcock
3293 4255 93 31 touch

2902 4307 25 27 in
2954 4315 36 19 an
3017 4307 83 27 eerie
3124 4304 65 30 film
3214 4304 98 30 about
3332 4304 55 30 the

2901 4353 63 41 day
2991 4365 55 19 our
3071 4353 170 31 feathered
3269 4353 118 31 friends

2902 4403 131 30 become
3072 4414 54 19 our
3165 4403 222 35 enemies,

2901 4450 170 39 spreading
3090 4452 94 31 death
3202 4450 61 31 and
3279 4455 110 25 terror.

2902 4501 139 38 Starring
3060 4501 85 39 Tippi
3165 4499 137 35 Hedren,
3324 4499 63 31 Rod

2899 4550 109 39 Taylor
3027 4550 60 30 and
3106 4550 94 30 Susan
3219 4550 167 30 Pleshette.

2906 4674 157 33 FRIDAY
3090 4694 27 3 -
3145 4674 241 35 SATURDAY

2945 4754 222 33 MIDNIGHT
3197 4754 145 33 MOVIE

2961 4959 198 28 DECEMBER
3186 4959 39 28 17
3250 4975 13 8 -
3290 4959 38 27 18

2957 5024 365 36 FRANKENSTEIN

2906 5098 57 27 See
2998 5096 54 28 the
3087 5096 131 36 original
3255 5098 135 27 monster

2906 5135 63 33 film
2984 5139 71 30 with
3076 5139 80 28 Boris
3173 5135 120 31 Karloff
3309 5139 27 28 in
3354 5135 36 31 all

2901 5178 35 28 of
2948 5176 44 30 his
3005 5176 140 35 hideous,
3161 5176 115 41 clumsy
3290 5176 85 39 splen-

2904 5219 66 31 dor.
2997 5219 58 30 The
3085 5230 63 28 spei
3167 5217 25 41 a
3200 5217 3 41 I
3231 5217 157 31 technical

2906 5260 118 30 effects
3043 5261 58 28 and
3121 5272 63 17 seTS
3202 5260 79 30 have
3298 5260 93 30 stood

2904 5301 52 31 the
2980 5306 66 27 test
3071 5301 33 31 of
3126 5302 76 30 time
3228 5301 60 30 and
3315 5306 79 27 must

2907 5342 38 31 be
2976 5354 72 19 seen
3080 5345 27 28 in
3139 5342 80 31 their
3249 5342 142 31 intented

2906 5386 61 28 size
2984 5397 38 17 on
3039 5383 54 30 the
3112 5386 101 28 movie
3231 5394 109 20 screen
3359 5386 33 27 to

2907 5425 36 30 be
2962 5424 74 41 fully
3054 5424 222 41 appreciated.

3509 2784 241 35 SATURDAY
3778 2802 27 6 -
3833 2781 186 36 SUNDAY

3576 2931 157 36 FAMILY
3762 2928 192 36 MATINEE

3600 3022 200 31 DECEMBER
3824 3022 19 28 4
3868 3036 11 8 -
3904 3019 17 31 5

3594 3112 129 38 BUGS
3750 3109 176 38 BUNNY,

3622 3191 276 38 SUPERSTAR

3666 3288 94 30 12:30
3786 3287 77 31 P.M.

3499 3378 76 31 That
3589 3389 76 28 zany
3680 3376 106 30 rabbit
3800 3376 24 28 is
3838 3375 54 30 the
3907 3376 63 28 star
3986 3376 31 25 at-

3501 3436 137 28 traction
3683 3435 28 30 in
3756 3431 60 31 this
3861 3428 170 33 wonderful

3502 3491 205 41 compilation
3740 3490 36 30 of
3808 3488 54 30 the
3898 3488 69 30 best
4002 3487 31 28 of

3506 3551 76 36 Bugs
3602 3548 79 30 from
3704 3543 113 33 almost
3836 3543 87 41 forty
3942 3554 91 30 years

3502 3606 33 30 of
3556 3606 132 30 Warner
3712 3602 139 33 Brothers
3874 3605 159 27 cartoons.

3515 3746 241 36 SATURDAY
3784 3765 27 5 -
3838 3742 184 36 SUNDAY

3581 3843 157 36 FAMILY
3767 3841 192 35 MATINEE

3584 3935 200 31 DECEMBER
3811 3932 139 31 11-12

3535 4027 206 36 DOCTOR
3767 4022 227 38 DOLITTLE

3680 4123 72 28 1:00
3780 4121 74 28 P.M.

3509 4213 58 30 Rex
3587 4211 146 30 Harrison
3753 4211 24 28 is
3794 4208 52 30 the
3865 4205 170 31 wonderful

3507 4269 113 30 doctor
3644 4266 68 31 who
3737 4265 79 31 talks
3838 4269 35 27 to
3898 4263 50 30 the
3975 4265 47 27 ani-

3507 4323 76 33 mals
3608 4326 28 30 in
3661 4323 58 30 this
3750 4321 124 31 musical
3901 4320 134 39 magical

3506 4381 65 30 film
3600 4381 33 30 of
3661 4380 88 39 Hugh
3780 4378 148 38 Loftlng's
3956 4387 61 19 won-

3509 4438 101 31 derful
3628 4436 165 31 childrens
3811 4438 96 36 story.
3926 4436 27 27 A
3973 4433 47 38 big-

3509 4494 121 38 budget
3646 4493 87 30 feast
3748 4493 50 30 for
3814 4491 52 31 the
3883 4502 76 28 eyes
3976 4490 60 30 and

3507 4564 69 20 ears
3592 4551 33 30 of
3639 4550 36 33 all
3694 4562 87 27 ages.

3521 4652 239 36 SATURDAY
3787 4669 28 6 -
3844 4649 183 35 SUNDAY

3584 4707 159 35 FAMILY
3773 4706 191 35 MATINEE

3587 4776 200 31 DECEMBER
3813 4775 139 28 18-19

3550 4835 227 36 JOURNEY
3802 4833 66 35 TO
3894 4831 91 35 THE

3572 4890 186 36 CENTER
3784 4890 65 35 OF
3876 4888 91 35 THE

3690 4946 157 35 EARTH

3685 5003 74 28 1:00
3784 5002 76 30 P.M.

3510 5054 106 28 James
3650 5052 110 28 Mason
3794 5052 24 28 is
3849 5049 52 31 the
3934 5049 104 30 heroic

3510 5094 143 28 scientist
3672 5091 68 31 who
3761 5090 87 31 leads
3868 5102 16 17 a
3907 5088 79 33 band
4008 5088 30 30 of

3509 5134 157 39 explorers
3682 5132 90 31 down
3786 5143 16 19 a
3820 5132 143 28 dormant
3978 5129 44 30 vol-

3512 5187 80 17 cano
3624 5178 65 27 into
3720 5175 52 28 the
3805 5172 87 30 lands
3924 5176 33 25 at
3987 5170 52 31 the

3512 5216 115 31 earth's
3663 5227 85 19 core.
3781 5217 46 27 An
3866 5211 173 41 absolutely

3510 5258 191 36 fascinating
3718 5257 128 31 science
3860 5254 110 31 fiction
3987 5254 33 28 ad-

3510 5302 129 27 venture
3669 5296 72 31 with
3773 5309 16 17 a
3819 5299 106 35 strong
3957 5298 82 36 story

3510 5340 79 31 from
3619 5339 54 30 the
3701 5339 85 30 Jules
3814 5339 98 28 Verne
3942 5334 98 35 novel,

3512 5381 83 38 good
3628 5381 117 38 acting,
3778 5378 58 31 and
3869 5376 170 31 incredible

3512 5420 118 43 special
3658 5419 131 33 effects.

184 5630 2202 165 \blvo*Datsun*TriumphMercedes
2416 5635 157 126 *V
2581 5630 943 162 W*Toyota*MG
3546 5622 591 165 products

997 5987 304 142 John
1376 5980 589 143 Babcock

1027 6146 277 88 Foreign
1340 6142 137 72 Car
1510 6139 277 74 Service

1024 6241 49 44 14
1096 6239 293 57 Warrington
1414 6235 154 55 Street,
1605 6228 146 68 Prov.,
1789 6233 38 46 R.
1844 6233 24 46 I.
1945 6228 233 49 781-3772
